<?xml version="1.0" encoding="UTF-8"?>
<!DOCTYPE html PUBLIC "-//W3C//DTD XHTML 1.0 Transitional//EN"
    "http://www.w3.org/TR/xhtml1/DTD/xhtml1-transitional.dtd">
<html xmlns="http://www.w3.org/1999/xhtml" xml:lang="en" lang="en">
 <head>
  <title>
</title>
<meta http-equiv="Content-Type" content="text/html;charset=utf-8" />
  <meta name='ocr-system' content='tesseract 3.04.00' />
  <meta name='ocr-capabilities' content='ocr_page ocr_carea ocr_par ocr_line ocrx_word'/>
</head>
<body>
  <div class='ocr_page' id='page_1' title='image "./regestumvolater00schngoog_0351.png"; bbox 0 0 3817 5642; ppageno 0'>
   <div class='ocr_carea' id='block_1_1' title="bbox 887 552 2704 606">
    <p class='ocr_par' dir='ltr' id='par_1_1' title="bbox 887 552 2704 606">
     <span class='ocr_line' id='line_1_1' title="bbox 887 552 2704 606; baseline 0 0"><span class='ocrx_word' id='word_1_1' title='bbox 887 552 1270 606; x_wconf 80' lang='lat' dir='ltr'>REGESTU</span> <span class='ocrx_word' id='word_1_2' title='bbox 1277 554 1330 604; x_wconf 63' lang='lat'>31</span> <span class='ocrx_word' id='word_1_3' title='bbox 1374 554 1424 603; x_wconf 86' lang='lat' dir='ltr'>V</span> <span class='ocrx_word' id='word_1_4' title='bbox 1430 552 1531 604; x_wconf 82' lang='lat'>01</span> <span class='ocrx_word' id='word_1_5' title='bbox 1534 552 2055 654; x_wconf 64' lang='grc' dir='ltr'><strong>ΑΤΕΒΒΑΝΗΙ-ΣῙ</strong></span> <span class='ocrx_word' id='word_1_6' title='bbox 2599 552 2704 606; x_wconf 87' lang='grc'><strong><em>287</em></strong></span> 
     </span>
    </p>
   </div>
   <div class='ocr_carea' id='block_1_2' title="bbox 1060 648 1335 654">
    <p class='ocr_par' dir='ltr' id='par_1_2' title="bbox 1060 648 1335 654">
     <span class='ocr_line' id='line_1_2' title="bbox 1060 648 1335 654; baseline 0 0"><span class='ocrx_word' id='word_1_7' title='bbox 1060 648 1335 654; x_wconf 95' lang='lat' dir='ltr'> </span> 
     </span>
    </p>
   </div>
   <div class='ocr_carea' id='block_1_3' title="bbox 225 748 2709 1309">
    <p class='ocr_par' dir='ltr' id='par_1_3' title="bbox 226 748 2703 825">
     <span class='ocr_line' id='line_1_3' title="bbox 226 748 2703 825; baseline -0.001 -15"><span class='ocrx_word' id='word_1_8' title='bbox 226 752 379 810; x_wconf 79' lang='lat'>849.</span> <span class='ocrx_word' id='word_1_9' title='bbox 1792 749 1972 819; x_wconf 74' lang='lat' dir='ltr'>Pisa,</span> <span class='ocrx_word' id='word_1_10' title='bbox 2018 750 2097 808; x_wconf 83' lang='lat'>26</span> <span class='ocrx_word' id='word_1_11' title='bbox 2139 749 2485 825; x_wconf 76' lang='lat' dir='ltr'><strong><em>September</em></strong></span> <span class='ocrx_word' id='word_1_12' title='bbox 2524 748 2703 809; x_wconf 86' lang='grc'><strong><em>1277.</em></strong></span> 
     </span>
    </p>

    <p class='ocr_par' dir='ltr' id='par_1_4' title="bbox 225 845 2709 1309">
     <span class='ocr_line' id='line_1_4' title="bbox 357 845 2707 925; baseline -0.001 -18"><span class='ocrx_word' id='word_1_13' title='bbox 357 846 600 909; x_wconf 78' lang='lat' dir='ltr'>Iacobo</span> <span class='ocrx_word' id='word_1_14' title='bbox 643 851 879 907; x_wconf 81' lang='lat' dir='ltr'>vocato</span> <span class='ocrx_word' id='word_1_15' title='bbox 925 846 1162 918; x_wconf 72' lang='lat' dir='ltr'>Pucqio</span> <span class='ocrx_word' id='word_1_16' title='bbox 1205 845 1410 905; x_wconf 81' lang='lat' dir='ltr'><strong>Balbo</strong></span> <span class='ocrx_word' id='word_1_17' title='bbox 1469 846 1572 924; x_wconf 92' lang='lat' dir='ltr'>qd.</span> <span class='ocrx_word' id='word_1_18' title='bbox 1616 846 1945 908; x_wconf 81' lang='lat' dir='ltr'>Malvicini</span> <span class='ocrx_word' id='word_1_19' title='bbox 2001 847 2081 906; x_wconf 90' lang='lat' dir='ltr'>de</span> <span class='ocrx_word' id='word_1_20' title='bbox 2134 847 2322 914; x_wconf 79' lang='lat' dir='ltr'>Cane,</span> <span class='ocrx_word' id='word_1_21' title='bbox 2366 846 2707 925; x_wconf 78' lang='lat' dir='ltr'>capitaneo</span> 
     </span>
     <span class='ocr_line' id='line_1_5' title="bbox 225 943 2707 1023; baseline -0.001 -17"><span class='ocrx_word' id='word_1_22' title='bbox 225 946 617 1007; x_wconf 80' lang='lat' dir='ltr'>collinamm</span> <span class='ocrx_word' id='word_1_23' title='bbox 656 946 738 1005; x_wconf 89' lang='lat' dir='ltr'>de</span> <span class='ocrx_word' id='word_1_24' title='bbox 780 949 1030 1022; x_wconf 86' lang='lat' dir='ltr'>suptus,</span> <span class='ocrx_word' id='word_1_25' title='bbox 1079 946 1462 1023; x_wconf 72' lang='lat' dir='ltr'>preceptum</span> <span class='ocrx_word' id='word_1_26' title='bbox 1503 949 1602 1003; x_wconf 86' lang='lat' dir='ltr'>est</span> <span class='ocrx_word' id='word_1_27' title='bbox 1645 965 1684 1003; x_wconf 82' lang='lat' dir='ltr'><strong>a</strong></span> <span class='ocrx_word' id='word_1_28' title='bbox 1725 943 1980 1005; x_wconf 80' lang='lat' dir='ltr'>Staccia</span> <span class='ocrx_word' id='word_1_29' title='bbox 2036 946 2116 1005; x_wconf 78' lang='lat' dir='ltr'>de</span> <span class='ocrx_word' id='word_1_30' title='bbox 2172 946 2344 1005; x_wconf 90' lang='lat' dir='ltr'>Colle</span> <span class='ocrx_word' id='word_1_31' title='bbox 2384 944 2593 1005; x_wconf 88' lang='lat' dir='ltr'>iudice</span> <span class='ocrx_word' id='word_1_32' title='bbox 2641 950 2707 1003; x_wconf 86' lang='lat' dir='ltr'>et</span> 
     </span>
     <span class='ocr_line' id='line_1_6' title="bbox 225 1040 2705 1120; baseline -0.001 -16"><span class='ocrx_word' id='word_1_33' title='bbox 225 1062 556 1104; x_wconf 79' lang='lat' dir='ltr'>assessore</span> <span class='ocrx_word' id='word_1_34' title='bbox 583 1042 734 1103; x_wconf 90' lang='lat' dir='ltr'>Pis.</span> <span class='ocrx_word' id='word_1_35' title='bbox 777 1042 1176 1113; x_wconf 81' lang='lat' dir='ltr'>comunis,</span> <span class='ocrx_word' id='word_1_36' title='bbox 1221 1041 1399 1119; x_wconf 93' lang='lat' dir='ltr'>quod</span> <span class='ocrx_word' id='word_1_37' title='bbox 1426 1040 1727 1102; x_wconf 79' lang='lat' dir='ltr'>balneum</span> <span class='ocrx_word' id='word_1_38' title='bbox 1757 1040 1836 1101; x_wconf 86' lang='lat' dir='ltr'>de</span> <span class='ocrx_word' id='word_1_39' title='bbox 1878 1042 2135 1120; x_wconf 86' lang='lat' dir='ltr'>Aquis</span> <span class='ocrx_word' id='word_1_40' title='bbox 2176 1043 2440 1120; x_wconf 90' lang='lat' dir='ltr'>eiusque</span> <span class='ocrx_word' id='word_1_41' title='bbox 2468 1060 2705 1119; x_wconf 82' lang='lat' dir='ltr'>aquam</span> 
     </span>
     <span class='ocr_line' id='line_1_7' title="bbox 227 1139 2707 1219; baseline -0.002 -18"><span class='ocrx_word' id='word_1_42' title='bbox 227 1148 302 1201; x_wconf 90' lang='lat' dir='ltr'>et</span> <span class='ocrx_word' id='word_1_43' title='bbox 349 1139 793 1219; x_wconf 80' lang='lat' dir='ltr'><strong>aqueductum</strong></span> <span class='ocrx_word' id='word_1_44' title='bbox 835 1144 1176 1199; x_wconf 84' lang='lat' dir='ltr'>conservet</span> <span class='ocrx_word' id='word_1_45' title='bbox 1215 1139 1284 1199; x_wconf 90' lang='lat' dir='ltr'>in</span> <span class='ocrx_word' id='word_1_46' title='bbox 1321 1142 1502 1199; x_wconf 83' lang='lat' dir='ltr'>statu</span> <span class='ocrx_word' id='word_1_47' title='bbox 1567 1140 1854 1217; x_wconf 80' lang='lat' dir='ltr'>antiquo,</span> <span class='ocrx_word' id='word_1_48' title='bbox 1952 1140 2131 1199; x_wconf 85' lang='lat' dir='ltr'>Fact.</span> <span class='ocrx_word' id='word_1_49' title='bbox 2176 1139 2337 1199; x_wconf 82' lang='lat' dir='ltr'>Pisis</span> <span class='ocrx_word' id='word_1_50' title='bbox 2392 1142 2459 1199; x_wconf 91' lang='lat' dir='ltr'>in</span> <span class='ocrx_word' id='word_1_51' title='bbox 2514 1139 2707 1199; x_wconf 88' lang='lat' dir='ltr'>domo</span> 
     </span>
     <span class='ocr_line' id='line_1_8' title="bbox 229 1236 2709 1309; baseline -0.002 -10"><span class='ocrx_word' id='word_1_52' title='bbox 229 1237 552 1309; x_wconf 86' lang='lat' dir='ltr'>comunis,</span> <span class='ocrx_word' id='word_1_53' title='bbox 597 1236 711 1297; x_wconf 91' lang='lat' dir='ltr'>ubi</span> <span class='ocrx_word' id='word_1_54' title='bbox 753 1242 852 1297; x_wconf 85' lang='lat' dir='ltr'>est</span> <span class='ocrx_word' id='word_1_55' title='bbox 892 1238 1027 1297; x_wconf 88' lang='lat' dir='ltr'>eius</span> <span class='ocrx_word' id='word_1_56' title='bbox 1069 1236 1466 1296; x_wconf 78' lang='lat' dir='ltr'>cancellaria.</span> <span class='ocrx_word' id='word_1_57' title='bbox 1550 1236 1822 1297; x_wconf 83' lang='lat' dir='ltr'>Nicholo</span> <span class='ocrx_word' id='word_1_58' title='bbox 1865 1237 1947 1297; x_wconf 92' lang='lat' dir='ltr'>de</span> <span class='ocrx_word' id='word_1_59' title='bbox 1974 1238 2180 1297; x_wconf 90' lang='lat' dir='ltr'>Aritio</span> <span class='ocrx_word' id='word_1_60' title='bbox 2210 1237 2413 1297; x_wconf 88' lang='lat' dir='ltr'>milite</span> <span class='ocrx_word' id='word_1_61' title='bbox 2440 1244 2509 1297; x_wconf 90' lang='lat' dir='ltr'>et</span> <span class='ocrx_word' id='word_1_62' title='bbox 2536 1238 2709 1297; x_wconf 87' lang='lat' dir='ltr'>soeio</span> 
     </span>
    </p>
   </div>
   <div class='ocr_carea' id='block_1_4' title="bbox 227 1332 2707 1501">
    <p class='ocr_par' dir='ltr' id='par_1_5' title="bbox 227 1332 2707 1501">
     <span class='ocr_line' id='line_1_9' title="bbox 227 1332 2707 1414; baseline -0.001 -19"><span class='ocrx_word' id='word_1_63' title='bbox 227 1334 603 1414; x_wconf 79' lang='lat' dir='ltr'>potestatis.</span> <span class='ocrx_word' id='word_1_64' title='bbox 647 1334 858 1395; x_wconf 90' lang='lat' dir='ltr'>Mecto</span> <span class='ocrx_word' id='word_1_65' title='bbox 901 1334 984 1394; x_wconf 87' lang='lat' dir='ltr'>de</span> <span class='ocrx_word' id='word_1_66' title='bbox 1031 1332 1420 1414; x_wconf 79' lang='lat' dir='ltr'>Selvalunga</span> <span class='ocrx_word' id='word_1_67' title='bbox 1449 1338 1516 1394; x_wconf 89' lang='lat' dir='ltr'>et</span> <span class='ocrx_word' id='word_1_68' title='bbox 1544 1332 1730 1413; x_wconf 91' lang='lat' dir='ltr'>Lupo</span> <span class='ocrx_word' id='word_1_69' title='bbox 1756 1334 1838 1395; x_wconf 88' lang='lat' dir='ltr'>de</span> <span class='ocrx_word' id='word_1_70' title='bbox 1865 1334 2187 1394; x_wconf 80' lang='lat' dir='ltr'>Travalda</span> <span class='ocrx_word' id='word_1_71' title='bbox 2224 1334 2329 1411; x_wconf 90' lang='lat' dir='ltr'>qd.</span> <span class='ocrx_word' id='word_1_72' title='bbox 2362 1333 2707 1413; x_wconf 81' lang='lat' dir='ltr'>Sanguinei</span> 
     </span>
     <span class='ocr_line' id='line_1_10' title="bbox 229 1428 2544 1501; baseline -0.002 -8"><span class='ocrx_word' id='word_1_73' title='bbox 229 1432 487 1493; x_wconf 80' lang='lat' dir='ltr'>nuntiis</span> <span class='ocrx_word' id='word_1_74' title='bbox 528 1432 650 1493; x_wconf 87' lang='lat' dir='ltr'>Pis.</span> <span class='ocrx_word' id='word_1_75' title='bbox 697 1432 988 1491; x_wconf 85' lang='lat' dir='ltr'>comunis</span> <span class='ocrx_word' id='word_1_76' title='bbox 1031 1436 1108 1490; x_wconf 89' lang='lat' dir='ltr'>tt.</span> <span class='ocrx_word' id='word_1_77' title='bbox 1195 1428 1740 1501; x_wconf 87' lang='lat' dir='ltr'>MCCLXXVIII,</span> <span class='ocrx_word' id='word_1_78' title='bbox 1786 1431 1914 1491; x_wconf 88' lang='lat' dir='ltr'>ind.</span> <span class='ocrx_word' id='word_1_79' title='bbox 1960 1431 2071 1499; x_wconf 85' lang='lat' dir='ltr'>VI,</span> <span class='ocrx_word' id='word_1_80' title='bbox 2118 1431 2211 1491; x_wconf 93' lang='lat' dir='ltr'>VI</span> <span class='ocrx_word' id='word_1_81' title='bbox 2252 1431 2376 1491; x_wconf 79' lang='lat' dir='ltr'>kal.</span> <span class='ocrx_word' id='word_1_82' title='bbox 2423 1436 2544 1491; x_wconf 91' lang='lat' dir='ltr'>oct.</span> 
     </span>
    </p>
   </div>
   <div class='ocr_carea' id='block_1_5' title="bbox 569 1527 2379 1605">
    <p class='ocr_par' dir='ltr' id='par_1_6' title="bbox 569 1527 2379 1605">
     <span class='ocr_line' id='line_1_11' title="bbox 569 1527 2379 1605; baseline -0.001 -16"><span class='ocrx_word' id='word_1_83' title='bbox 569 1528 702 1589; x_wconf 70' lang='lat' dir='ltr'>Wie</span> <span class='ocrx_word' id='word_1_84' title='bbox 743 1548 803 1588; x_wconf 82' lang='lat' dir='ltr'>n.</span> <span class='ocrx_word' id='word_1_85' title='bbox 849 1528 969 1589; x_wconf 81' lang='lat'>848</span> <span class='ocrx_word' id='word_1_86' title='bbox 1012 1528 1186 1605; x_wconf 69' lang='grc' dir='ltr'><strong><em>Θήρ.</em></strong></span> <span class='ocrx_word' id='word_1_87' title='bbox 1235 1527 1422 1605; x_wconf 74' lang='lat' dir='ltr'>(siehe</span> <span class='ocrx_word' id='word_1_88' title='bbox 1461 1527 1621 1589; x_wconf 75' lang='lat' dir='ltr'>auch</span> <span class='ocrx_word' id='word_1_89' title='bbox 1663 1548 1725 1587; x_wconf 81' lang='lat' dir='ltr'>n.</span> <span class='ocrx_word' id='word_1_90' title='bbox 1771 1528 1890 1588; x_wconf 81' lang='lat'>845</span> <span class='ocrx_word' id='word_1_91' title='bbox 1933 1528 2065 1589; x_wconf 79' lang='lat' dir='ltr'>und</span> <span class='ocrx_word' id='word_1_92' title='bbox 2107 1548 2170 1588; x_wconf 81' lang='lat' dir='ltr'>n.</span> <span class='ocrx_word' id='word_1_93' title='bbox 2215 1528 2379 1605; x_wconf 82' lang='lat'><strong>850).</strong></span> 
     </span>
    </p>
   </div>
   <div class='ocr_carea' id='block_1_6' title="bbox 233 1856 2710 2818">
    <p class='ocr_par' dir='ltr' id='par_1_7' title="bbox 233 1856 2706 1933">
     <span class='ocr_line' id='line_1_12' title="bbox 233 1856 2706 1933; baseline -0 -17"><span class='ocrx_word' id='word_1_94' title='bbox 233 1860 382 1917; x_wconf 85' lang='lat'><strong>850.</strong></span> <span class='ocrx_word' id='word_1_95' title='bbox 1796 1856 1975 1926; x_wconf 72' lang='lat' dir='ltr'>Pisa,</span> <span class='ocrx_word' id='word_1_96' title='bbox 2019 1856 2100 1917; x_wconf 94' lang='grc'><strong><em>27</em></strong></span> <span class='ocrx_word' id='word_1_97' title='bbox 2139 1856 2489 1933; x_wconf 77' lang='lat' dir='ltr'><strong><em>September</em></strong></span> <span class='ocrx_word' id='word_1_98' title='bbox 2528 1858 2706 1918; x_wconf 88' lang='grc'><strong><em>1277.</em></strong></span> 
     </span>
    </p>

    <p class='ocr_par' dir='ltr' id='par_1_8' title="bbox 234 1954 2709 2603">
     <span class='ocr_line' id='line_1_13' title="bbox 361 1954 2709 2033; baseline -0 -17"><span class='ocrx_word' id='word_1_99' title='bbox 361 1955 657 2017; x_wconf 88' lang='lat' dir='ltr'>Sindicus</span> <span class='ocrx_word' id='word_1_100' title='bbox 701 1958 995 2016; x_wconf 89' lang='lat' dir='ltr'>comunis</span> <span class='ocrx_word' id='word_1_101' title='bbox 1033 1955 1116 2015; x_wconf 93' lang='lat' dir='ltr'>de</span> <span class='ocrx_word' id='word_1_102' title='bbox 1160 1954 1392 2016; x_wconf 82' lang='lat' dir='ltr'>balneo</span> <span class='ocrx_word' id='word_1_103' title='bbox 1435 1956 1658 2033; x_wconf 78' lang='lat' dir='ltr'>AquiS,</span> <span class='ocrx_word' id='word_1_104' title='bbox 1700 1954 1971 2015; x_wconf 83' lang='lat' dir='ltr'>Michael</span> <span class='ocrx_word' id='word_1_105' title='bbox 2028 1956 2133 2033; x_wconf 91' lang='lat' dir='ltr'>qd.</span> <span class='ocrx_word' id='word_1_106' title='bbox 2180 1954 2587 2033; x_wconf 84' lang='lat' dir='ltr'>Uguiceionis</span> <span class='ocrx_word' id='word_1_107' title='bbox 2640 1962 2709 2016; x_wconf 90' lang='lat' dir='ltr'>et</span> 
     </span>
     <span class='ocr_line' id='line_1_14' title="bbox 234 2051 2709 2135; baseline -0.001 -20"><span class='ocrx_word' id='word_1_108' title='bbox 234 2056 349 2115; x_wconf 82' lang='lat' dir='ltr'>alii</span> <span class='ocrx_word' id='word_1_109' title='bbox 375 2056 756 2115; x_wconf 83' lang='lat' dir='ltr'>iuraverunt</span> <span class='ocrx_word' id='word_1_110' title='bbox 785 2053 1038 2115; x_wconf 82' lang='lat' dir='ltr'>Staceie</span> <span class='ocrx_word' id='word_1_111' title='bbox 1069 2051 1360 2135; x_wconf 57' lang='lat' dir='ltr'>iudicijet</span> <span class='ocrx_word' id='word_1_112' title='bbox 1389 2053 1686 2113; x_wconf 69' lang='lat' dir='ltr'>assessori</span> <span class='ocrx_word' id='word_1_113' title='bbox 1729 2051 1878 2112; x_wconf 85' lang='lat' dir='ltr'>Pis.</span> <span class='ocrx_word' id='word_1_114' title='bbox 1925 2054 2319 2124; x_wconf 74' lang='lat' dir='ltr'>comuniS,</span> <span class='ocrx_word' id='word_1_115' title='bbox 2362 2052 2535 2130; x_wconf 92' lang='lat' dir='ltr'>quod</span> <span class='ocrx_word' id='word_1_116' title='bbox 2576 2072 2709 2113; x_wconf 91' lang='lat' dir='ltr'>non</span> 
     </span>
     <span class='ocr_line' id='line_1_15' title="bbox 234 2150 2705 2231; baseline -0.002 -18"><span class='ocrx_word' id='word_1_117' title='bbox 234 2152 645 2231; x_wconf 76' lang='lat' dir='ltr'>permittent,</span> <span class='ocrx_word' id='word_1_118' title='bbox 691 2152 870 2228; x_wconf 91' lang='lat' dir='ltr'>quod</span> <span class='ocrx_word' id='word_1_119' title='bbox 929 2152 997 2212; x_wconf 89' lang='lat' dir='ltr'>in</span> <span class='ocrx_word' id='word_1_120' title='bbox 1045 2150 1297 2221; x_wconf 81' lang='lat' dir='ltr'>balneO,</span> <span class='ocrx_word' id='word_1_121' title='bbox 1342 2170 1512 2229; x_wconf 78' lang='lat' dir='ltr'>aqua</span> <span class='ocrx_word' id='word_1_122' title='bbox 1575 2155 1644 2210; x_wconf 90' lang='lat' dir='ltr'>et</span> <span class='ocrx_word' id='word_1_123' title='bbox 1704 2150 2076 2228; x_wconf 83' lang='lat' dir='ltr'>aqueductu</span> <span class='ocrx_word' id='word_1_124' title='bbox 2138 2150 2302 2211; x_wconf 82' lang='lat' dir='ltr'>fiant</span> <span class='ocrx_word' id='word_1_125' title='bbox 2364 2151 2705 2211; x_wconf 69' lang='lat' dir='ltr'>novitates</span> 
     </span>
     <span class='ocr_line' id='line_1_16' title="bbox 235 2248 2707 2328; baseline -0.001 -17"><span class='ocrx_word' id='word_1_126' title='bbox 235 2252 387 2311; x_wconf 89' lang='lat' dir='ltr'>Aet.</span> <span class='ocrx_word' id='word_1_127' title='bbox 415 2250 576 2311; x_wconf 82' lang='lat' dir='ltr'>Pisis</span> <span class='ocrx_word' id='word_1_128' title='bbox 599 2252 664 2309; x_wconf 89' lang='lat' dir='ltr'>in</span> <span class='ocrx_word' id='word_1_129' title='bbox 691 2249 887 2309; x_wconf 90' lang='lat' dir='ltr'>domo</span> <span class='ocrx_word' id='word_1_130' title='bbox 917 2251 1209 2311; x_wconf 88' lang='lat' dir='ltr'>comunis</span> <span class='ocrx_word' id='word_1_131' title='bbox 1236 2250 1304 2310; x_wconf 89' lang='lat' dir='ltr'>in</span> <span class='ocrx_word' id='word_1_132' title='bbox 1331 2250 1562 2311; x_wconf 81' lang='lat' dir='ltr'>salario</span> <span class='ocrx_word' id='word_1_133' title='bbox 1591 2268 1783 2328; x_wconf 81' lang='lat' dir='ltr'>supra</span> <span class='ocrx_word' id='word_1_134' title='bbox 1811 2268 1965 2308; x_wconf 82' lang='lat' dir='ltr'>canc</span> <span class='ocrx_word' id='word_1_135' title='bbox 1977 2248 2271 2309; x_wconf 71' lang='lat' dir='ltr'>²llariam.</span> <span class='ocrx_word' id='word_1_136' title='bbox 2342 2248 2707 2310; x_wconf 83' lang='lat' dir='ltr'>Sexmondo</span> 
     </span>
     <span class='ocr_line' id='line_1_17' title="bbox 234 2342 2704 2426; baseline -0 -19"><span class='ocrx_word' id='word_1_137' title='bbox 234 2349 318 2408; x_wconf 90' lang='lat' dir='ltr'>de</span> <span class='ocrx_word' id='word_1_138' title='bbox 362 2348 646 2426; x_wconf 82' lang='lat' dir='ltr'>Tripallo</span> <span class='ocrx_word' id='word_1_139' title='bbox 687 2354 756 2407; x_wconf 89' lang='lat' dir='ltr'>et</span> <span class='ocrx_word' id='word_1_140' title='bbox 802 2345 1098 2407; x_wconf 83' lang='lat' dir='ltr'>Guidone</span> <span class='ocrx_word' id='word_1_141' title='bbox 1138 2347 1220 2407; x_wconf 91' lang='lat' dir='ltr'>de</span> <span class='ocrx_word' id='word_1_142' title='bbox 1263 2346 1447 2407; x_wconf 79' lang='lat' dir='ltr'>Vada</span> <span class='ocrx_word' id='word_1_143' title='bbox 1489 2346 1823 2407; x_wconf 89' lang='lat' dir='ltr'>iudicibus.</span> <span class='ocrx_word' id='word_1_144' title='bbox 1867 2342 2177 2407; x_wconf 69' lang='lat' dir='ltr'>Michaele</span> <span class='ocrx_word' id='word_1_145' title='bbox 2203 2346 2571 2407; x_wconf 71' lang='lat' dir='ltr'>Meschione</span> <span class='ocrx_word' id='word_1_146' title='bbox 2598 2346 2704 2425; x_wconf 88' lang='lat' dir='ltr'>qd.</span> 
     </span>
     <span class='ocr_line' id='line_1_18' title="bbox 237 2442 2709 2523; baseline -0.001 -18"><span class='ocrx_word' id='word_1_147' title='bbox 237 2446 528 2507; x_wconf 77' lang='lat' dir='ltr'>Bandini</span> <span class='ocrx_word' id='word_1_148' title='bbox 568 2444 650 2505; x_wconf 92' lang='lat' dir='ltr'>de</span> <span class='ocrx_word' id='word_1_149' title='bbox 691 2444 938 2523; x_wconf 75' lang='lat' dir='ltr'>capella</span> <span class='ocrx_word' id='word_1_150' title='bbox 982 2462 1031 2504; x_wconf 91' lang='lat' dir='ltr'>s.</span> <span class='ocrx_word' id='word_1_151' title='bbox 1075 2443 1363 2504; x_wconf 81' lang='lat' dir='ltr'>Fridiani</span> <span class='ocrx_word' id='word_1_152' title='bbox 1402 2450 1540 2504; x_wconf 86' lang='lat' dir='ltr'>not.</span> <span class='ocrx_word' id='word_1_153' title='bbox 1585 2448 1664 2503; x_wconf 86' lang='lat' dir='ltr'>tt.</span> <span class='ocrx_word' id='word_1_154' title='bbox 1749 2442 2296 2515; x_wconf 87' lang='lat' dir='ltr'>MCCLXXVIII,</span> <span class='ocrx_word' id='word_1_155' title='bbox 2340 2443 2470 2504; x_wconf 86' lang='lat' dir='ltr'>ind.</span> <span class='ocrx_word' id='word_1_156' title='bbox 2509 2442 2619 2513; x_wconf 90' lang='lat' dir='ltr'>VI,</span> <span class='ocrx_word' id='word_1_157' title='bbox 2650 2442 2709 2503; x_wconf 93' lang='lat' dir='ltr'><strong>V</strong></span> 
     </span>
     <span class='ocr_line' id='line_1_19' title="bbox 235 2544 538 2603; baseline 0 0"><span class='ocrx_word' id='word_1_158' title='bbox 235 2544 368 2603; x_wconf 84' lang='lat' dir='ltr'>kal.</span> <span class='ocrx_word' id='word_1_159' title='bbox 413 2548 538 2603; x_wconf 85' lang='lat' dir='ltr'>oct.</span> 
     </span>
    </p>

    <p class='ocr_par' dir='ltr' id='par_1_9' title="bbox 236 2638 2710 2818">
     <span class='ocr_line' id='line_1_20' title="bbox 363 2638 2709 2716; baseline -0.001 -15"><span class='ocrx_word' id='word_1_160' title='bbox 363 2639 623 2701; x_wconf 87' lang='lat' dir='ltr'>Sindico</span> <span class='ocrx_word' id='word_1_161' title='bbox 664 2646 732 2701; x_wconf 92' lang='lat' dir='ltr'>et</span> <span class='ocrx_word' id='word_1_162' title='bbox 777 2638 1144 2701; x_wconf 85' lang='lat' dir='ltr'>oonsulibus</span> <span class='ocrx_word' id='word_1_163' title='bbox 1187 2640 1474 2699; x_wconf 84' lang='lat' dir='ltr'>comunis</span> <span class='ocrx_word' id='word_1_164' title='bbox 1514 2639 1595 2698; x_wconf 92' lang='lat' dir='ltr'>de</span> <span class='ocrx_word' id='word_1_165' title='bbox 1636 2638 1867 2698; x_wconf 87' lang='lat' dir='ltr'>balneo</span> <span class='ocrx_word' id='word_1_166' title='bbox 1907 2640 2110 2716; x_wconf 81' lang='lat' dir='ltr'>Aquis</span> <span class='ocrx_word' id='word_1_167' title='bbox 2142 2660 2171 2697; x_wconf 81' lang='lat' dir='ltr'>a</span> <span class='ocrx_word' id='word_1_168' title='bbox 2206 2638 2459 2700; x_wconf 77' lang='lat' dir='ltr'>Staecia</span> <span class='ocrx_word' id='word_1_169' title='bbox 2500 2638 2709 2699; x_wconf 84' lang='lat' dir='ltr'>iudice</span> 
     </span>
     <span class='ocr_line' id='line_1_21' title="bbox 236 2736 2710 2818; baseline -0.001 -19"><span class='ocrx_word' id='word_1_170' title='bbox 236 2746 308 2799; x_wconf 91' lang='lat' dir='ltr'>et</span> <span class='ocrx_word' id='word_1_171' title='bbox 351 2756 670 2798; x_wconf 75' lang='lat' dir='ltr'>assessore</span> <span class='ocrx_word' id='word_1_172' title='bbox 711 2736 864 2799; x_wconf 89' lang='lat' dir='ltr'>Pis.</span> <span class='ocrx_word' id='word_1_173' title='bbox 910 2738 1282 2798; x_wconf 90' lang='lat' dir='ltr'>comunis</span> <span class='ocrx_word' id='word_1_174' title='bbox 1323 2742 1700 2816; x_wconf 87' lang='lat' dir='ltr'>preceptum</span> <span class='ocrx_word' id='word_1_175' title='bbox 1755 2744 1873 2807; x_wconf 73' lang='lat' dir='ltr'>est,</span> <span class='ocrx_word' id='word_1_176' title='bbox 1931 2741 2008 2797; x_wconf 91' lang='lat' dir='ltr'>ut</span> <span class='ocrx_word' id='word_1_177' title='bbox 2061 2737 2325 2809; x_wconf 80' lang='lat' dir='ltr'>faciant,</span> <span class='ocrx_word' id='word_1_178' title='bbox 2382 2739 2551 2799; x_wconf 86' lang='lat' dir='ltr'>sicut</span> <span class='ocrx_word' id='word_1_179' title='bbox 2597 2742 2710 2818; x_wconf 78' lang='lat' dir='ltr'>per</span> 
     </span>
    </p>
   </div>
   <div class='ocr_carea' id='block_1_7' title="bbox 236 2834 2707 3010">
    <p class='ocr_par' dir='ltr' id='par_1_10' title="bbox 236 2834 2707 3010">
     <span class='ocr_line' id='line_1_22' title="bbox 236 2834 2707 2929; baseline -0.001 -32"><span class='ocrx_word' id='word_1_180' title='bbox 236 2836 746 2915; x_wconf 82' lang='lat' dir='ltr'>suprascriptam</span> <span class='ocrx_word' id='word_1_181' title='bbox 771 2841 1024 2896; x_wconf 81' lang='lat' dir='ltr'>cartam</span> <span class='ocrx_word' id='word_1_182' title='bbox 1049 2837 1494 2912; x_wconf 85' lang='lat' dir='ltr'>promiserunt.</span> <span class='ocrx_word' id='word_1_183' title='bbox 1577 2834 1769 2907; x_wconf 90' lang='lat' dir='ltr'>Loco,</span> <span class='ocrx_word' id='word_1_184' title='bbox 1796 2834 1917 2907; x_wconf 89' lang='lat' dir='ltr'>die,</span> <span class='ocrx_word' id='word_1_185' title='bbox 1943 2835 2218 2895; x_wconf 89' lang='lat' dir='ltr'>testibus</span> <span class='ocrx_word' id='word_1_186' title='bbox 2240 2836 2707 2929; x_wconf 78' lang='lat' dir='ltr'>suprascriptis,</span> 
     </span>
     <span class='ocr_line' id='line_1_23' title="bbox 574 2932 2223 3010; baseline -0.001 -17"><span class='ocrx_word' id='word_1_187' title='bbox 574 2932 707 2993; x_wconf 82' lang='lat' dir='ltr'>Wie</span> <span class='ocrx_word' id='word_1_188' title='bbox 747 2953 808 2993; x_wconf 81' lang='grc' dir='ltr'><strong><em>π.</em></strong></span> <span class='ocrx_word' id='word_1_189' title='bbox 853 2933 974 2993; x_wconf 79' lang='grc'>849</span> <span class='ocrx_word' id='word_1_190' title='bbox 1019 2933 1191 3010; x_wconf 75' lang='lat' dir='ltr'>Oriq.</span> <span class='ocrx_word' id='word_1_191' title='bbox 1242 2932 1430 3009; x_wconf 72' lang='lat' dir='ltr'>(siche</span> <span class='ocrx_word' id='word_1_192' title='bbox 1469 2932 1625 2993; x_wconf 78' lang='lat' dir='ltr'>auch</span> <span class='ocrx_word' id='word_1_193' title='bbox 1669 2952 1728 2991; x_wconf 76' lang='lat' dir='ltr'>n.</span> <span class='ocrx_word' id='word_1_194' title='bbox 1775 2932 1896 2992; x_wconf 80' lang='lat'>845</span> <span class='ocrx_word' id='word_1_195' title='bbox 1924 2932 2017 2993; x_wconf 69' lang='lat' dir='ltr'>bis</span> <span class='ocrx_word' id='word_1_196' title='bbox 2060 2932 2223 3007; x_wconf 80' lang='grc'><strong><em>848).</em></strong></span> 
     </span>
    </p>
   </div>
   <div class='ocr_carea' id='block_1_8' title="bbox 238 3260 2710 4002">
    <p class='ocr_par' dir='ltr' id='par_1_11' title="bbox 239 3260 2706 3333">
     <span class='ocr_line' id='line_1_24' title="bbox 239 3260 2706 3333; baseline -0.001 -13"><span class='ocrx_word' id='word_1_197' title='bbox 239 3262 387 3321; x_wconf 88' lang='lat'>851.</span> <span class='ocrx_word' id='word_1_198' title='bbox 1676 3262 1998 3333; x_wconf 76' lang='lat' dir='ltr'>Montieri,</span> <span class='ocrx_word' id='word_1_199' title='bbox 2043 3260 2124 3320; x_wconf 89' lang='grc'>18</span> <span class='ocrx_word' id='word_1_200' title='bbox 2162 3260 2485 3320; x_wconf 79' lang='lat' dir='ltr'>Dezember</span> <span class='ocrx_word' id='word_1_201' title='bbox 2524 3260 2706 3321; x_wconf 92' lang='grc'><strong><em>1277.</em></strong></span> 
     </span>
    </p>

    <p class='ocr_par' dir='ltr' id='par_1_12' title="bbox 238 3356 2710 4002">
     <span class='ocr_line' id='line_1_25' title="bbox 367 3356 2708 3436; baseline -0.001 -17"><span class='ocrx_word' id='word_1_202' title='bbox 367 3356 878 3429; x_wconf 87' lang='lat' dir='ltr'>MCCLXXVII,</span> <span class='ocrx_word' id='word_1_203' title='bbox 922 3358 1060 3420; x_wconf 87' lang='lat' dir='ltr'>ind.</span> <span class='ocrx_word' id='word_1_204' title='bbox 1104 3357 1215 3427; x_wconf 90' lang='lat' dir='ltr'>VI,</span> <span class='ocrx_word' id='word_1_205' title='bbox 1258 3357 1492 3418; x_wconf 89' lang='lat' dir='ltr'><strong>XVIII</strong></span> <span class='ocrx_word' id='word_1_206' title='bbox 1532 3358 1667 3419; x_wconf 90' lang='lat' dir='ltr'>dec.</span> <span class='ocrx_word' id='word_1_207' title='bbox 1722 3358 2196 3419; x_wconf 84' lang='lat' dir='ltr'>·Rainerius</span> <span class='ocrx_word' id='word_1_208' title='bbox 2238 3378 2339 3436; x_wconf 92' lang='lat' dir='ltr'>ep.</span> <span class='ocrx_word' id='word_1_209' title='bbox 2371 3356 2548 3417; x_wconf 87' lang='lat' dir='ltr'>Vult.</span> <span class='ocrx_word' id='word_1_210' title='bbox 2592 3376 2708 3436; x_wconf 89' lang='lat' dir='ltr'>pro</span> 
     </span>
     <span class='ocr_line' id='line_1_26' title="bbox 238 3453 2710 3532; baseline -0.002 -14"><span class='ocrx_word' id='word_1_211' title='bbox 238 3454 603 3518; x_wconf 89' lang='lat' dir='ltr'>commodis</span> <span class='ocrx_word' id='word_1_212' title='bbox 644 3461 710 3515; x_wconf 88' lang='lat' dir='ltr'>et</span> <span class='ocrx_word' id='word_1_213' title='bbox 755 3455 1121 3525; x_wconf 58' lang='lat' dir='ltr'>honoribus</span> <span class='ocrx_word' id='word_1_214' title='bbox 1167 3472 1330 3532; x_wconf 85' lang='lat' dir='ltr'>quos</span> <span class='ocrx_word' id='word_1_215' title='bbox 1369 3454 1631 3515; x_wconf 85' lang='lat' dir='ltr'>Alexius</span> <span class='ocrx_word' id='word_1_216' title='bbox 1675 3454 1824 3515; x_wconf 92' lang='lat' dir='ltr'>olim</span> <span class='ocrx_word' id='word_1_217' title='bbox 1881 3454 2157 3515; x_wconf 79' lang='lat' dir='ltr'>Renaldi</span> <span class='ocrx_word' id='word_1_218' title='bbox 2212 3456 2291 3515; x_wconf 91' lang='lat' dir='ltr'>de</span> <span class='ocrx_word' id='word_1_219' title='bbox 2348 3453 2710 3515; x_wconf 85' lang='lat' dir='ltr'>Tholomeis</span> 
     </span>
     <span class='ocr_line' id='line_1_27' title="bbox 238 3550 2707 3629; baseline -0.001 -15"><span class='ocrx_word' id='word_1_220' title='bbox 238 3550 407 3614; x_wconf 80' lang='lat' dir='ltr'>civis</span> <span class='ocrx_word' id='word_1_221' title='bbox 448 3550 741 3615; x_wconf 86' lang='lat' dir='ltr'>Senensis</span> <span class='ocrx_word' id='word_1_222' title='bbox 783 3552 904 3613; x_wconf 84' lang='lat' dir='ltr'>sibi</span> <span class='ocrx_word' id='word_1_223' title='bbox 945 3557 1014 3613; x_wconf 89' lang='lat' dir='ltr'>et</span> <span class='ocrx_word' id='word_1_224' title='bbox 1059 3552 1461 3629; x_wconf 85' lang='lat' dir='ltr'>episcopatui</span> <span class='ocrx_word' id='word_1_225' title='bbox 1500 3551 1747 3613; x_wconf 82' lang='lat' dir='ltr'>confert</span> <span class='ocrx_word' id='word_1_226' title='bbox 1787 3556 1856 3611; x_wconf 88' lang='lat' dir='ltr'>et</span> <span class='ocrx_word' id='word_1_227' title='bbox 1882 3553 2189 3621; x_wconf 86' lang='lat' dir='ltr'>conferet,</span> <span class='ocrx_word' id='word_1_228' title='bbox 2220 3553 2355 3613; x_wconf 85' lang='lat' dir='ltr'>eius</span> <span class='ocrx_word' id='word_1_229' title='bbox 2382 3552 2513 3613; x_wconf 92' lang='lat' dir='ltr'>filio</span> <span class='ocrx_word' id='word_1_230' title='bbox 2541 3550 2707 3613; x_wconf 87' lang='lat' dir='ltr'>Tho·</span> 
     </span>
     <span class='ocr_line' id='line_1_28' title="bbox 239 3647 2709 3729; baseline -0.001 -18"><span class='ocrx_word' id='word_1_231' title='bbox 239 3652 396 3713; x_wconf 81' lang='lat' dir='ltr'>fane</span> <span class='ocrx_word' id='word_1_232' title='bbox 436 3668 478 3710; x_wconf 83' lang='lat' dir='ltr'><strong>a</strong></span> <span class='ocrx_word' id='word_1_233' title='bbox 515 3650 644 3711; x_wconf 75' lang='lat' dir='ltr'>kal.</span> <span class='ocrx_word' id='word_1_234' title='bbox 687 3651 818 3713; x_wconf 79' lang='lat' dir='ltr'>ian.</span> <span class='ocrx_word' id='word_1_235' title='bbox 863 3650 948 3711; x_wconf 76' lang='lat' dir='ltr'>ad</span> <span class='ocrx_word' id='word_1_236' title='bbox 993 3647 1132 3709; x_wconf 85' lang='lat' dir='ltr'>XII</span> <span class='ocrx_word' id='word_1_237' title='bbox 1134 3650 1380 3729; x_wconf 52' lang='lat' dir='ltr'>§annos</span> <span class='ocrx_word' id='word_1_238' title='bbox 1421 3648 1962 3729; x_wconf 78' lang='lat' dir='ltr'>argentifodinam</span> <span class='ocrx_word' id='word_1_239' title='bbox 1990 3654 2293 3710; x_wconf 79' lang='lat' dir='ltr'>vocatam</span> <span class='ocrx_word' id='word_1_240' title='bbox 2333 3650 2601 3711; x_wconf 77' lang='lat' dir='ltr'>Ismicta</span> <span class='ocrx_word' id='word_1_241' title='bbox 2642 3652 2709 3710; x_wconf 89' lang='lat' dir='ltr'>in</span> 
     </span>
     <span class='ocr_line' id='line_1_29' title="bbox 241 3746 2710 3826; baseline -0 -18"><span class='ocrx_word' id='word_1_242' title='bbox 241 3753 470 3809; x_wconf 88' lang='lat' dir='ltr'>monte</span> <span class='ocrx_word' id='word_1_243' title='bbox 495 3746 795 3807; x_wconf 85' lang='lat' dir='ltr'>Monterii</span> <span class='ocrx_word' id='word_1_244' title='bbox 834 3746 1104 3826; x_wconf 79' lang='lat' dir='ltr'>largitus</span> <span class='ocrx_word' id='word_1_245' title='bbox 1133 3751 1250 3806; x_wconf 90' lang='lat' dir='ltr'>est.</span> <span class='ocrx_word' id='word_1_246' title='bbox 1332 3746 1480 3805; x_wconf 86' lang='lat' dir='ltr'>Aet.</span> <span class='ocrx_word' id='word_1_247' title='bbox 1521 3746 1838 3807; x_wconf 88' lang='lat' dir='ltr'>Monterii.</span> <span class='ocrx_word' id='word_1_248' title='bbox 1926 3747 2297 3809; x_wconf 83' lang='lat' dir='ltr'>Primerano</span> <span class='ocrx_word' id='word_1_249' title='bbox 2325 3746 2599 3826; x_wconf 82' lang='lat' dir='ltr'>plebano</span> <span class='ocrx_word' id='word_1_250' title='bbox 2629 3748 2710 3807; x_wconf 92' lang='lat' dir='ltr'>de</span> 
     </span>
     <span class='ocr_line' id='line_1_30' title="bbox 241 3841 2707 3922; baseline 0.001 -18"><span class='ocrx_word' id='word_1_251' title='bbox 241 3844 780 3922; x_wconf 76' lang='lat' dir='ltr'>Ripamsrrancia</span> <span class='ocrx_word' id='word_1_252' title='bbox 822 3848 889 3903; x_wconf 90' lang='lat' dir='ltr'>et</span> <span class='ocrx_word' id='word_1_253' title='bbox 932 3842 1152 3903; x_wconf 84' lang='lat' dir='ltr'>Riccio</span> <span class='ocrx_word' id='word_1_254' title='bbox 1195 3841 1300 3921; x_wconf 90' lang='lat' dir='ltr'>qd.</span> <span class='ocrx_word' id='word_1_255' title='bbox 1349 3842 1774 3903; x_wconf 86' lang='lat' dir='ltr'>Beneivennis</span> <span class='ocrx_word' id='word_1_256' title='bbox 1803 3844 1882 3903; x_wconf 89' lang='lat' dir='ltr'>de</span> <span class='ocrx_word' id='word_1_257' title='bbox 1913 3844 2093 3904; x_wconf 85' lang='lat' dir='ltr'>Senis</span> <span class='ocrx_word' id='word_1_258' title='bbox 2118 3848 2199 3903; x_wconf 91' lang='lat' dir='ltr'>tt.</span> <span class='ocrx_word' id='word_1_259' title='bbox 2284 3842 2560 3905; x_wconf 82' lang='lat' dir='ltr'>Iacobus</span> <span class='ocrx_word' id='word_1_260' title='bbox 2588 3846 2707 3906; x_wconf 88' lang='lat' dir='ltr'>Po-</span> 
     </span>
     <span class='ocr_line' id='line_1_31' title="bbox 239 3940 920 4002; baseline 0 -1"><span class='ocrx_word' id='word_1_261' title='bbox 239 3941 397 4002; x_wconf 82' lang='lat' dir='ltr'>sehe</span> <span class='ocrx_word' id='word_1_262' title='bbox 439 3940 632 4001; x_wconf 83' lang='lat' dir='ltr'>iudex</span> <span class='ocrx_word' id='word_1_263' title='bbox 675 3946 742 4000; x_wconf 91' lang='lat' dir='ltr'>et</span> <span class='ocrx_word' id='word_1_264' title='bbox 781 3946 920 4002; x_wconf 88' lang='lat' dir='ltr'>not.</span> 
     </span>
    </p>
   </div>
   <div class='ocr_carea' id='block_1_9' title="bbox 575 4037 2118 4133">
    <p class='ocr_par' dir='ltr' id='par_1_13' title="bbox 575 4037 2118 4133">
     <span class='ocr_line' id='line_1_32' title="bbox 575 4037 2118 4133; baseline 0.001 -34"><span class='ocrx_word' id='word_1_265' title='bbox 575 4038 738 4133; x_wconf 70' lang='lat' dir='ltr'>Volt.</span> <span class='ocrx_word' id='word_1_266' title='bbox 786 4037 1102 4099; x_wconf 80' lang='lat' dir='ltr'>AMwm&#39;c.</span> <span class='ocrx_word' id='word_1_267' title='bbox 1153 4037 1359 4114; x_wconf 87' lang='lat' dir='ltr'>(Prov.</span> <span class='ocrx_word' id='word_1_268' title='bbox 1403 4038 1526 4098; x_wconf 81' lang='lat' dir='ltr'>div.</span> <span class='ocrx_word' id='word_1_269' title='bbox 1571 4058 1726 4099; x_wconf 57' lang='lat' dir='ltr'>cae&amp;</span> <span class='ocrx_word' id='word_1_270' title='bbox 1771 4039 1809 4099; x_wconf 93' lang='lat'><em>1</em></span> <span class='ocrx_word' id='word_1_271' title='bbox 1823 4039 1899 4116; x_wconf 87' lang='lat' dir='ltr'>V)</span> <span class='ocrx_word' id='word_1_272' title='bbox 1945 4040 2118 4116; x_wconf 71' lang='lat' dir='ltr'>Oriq.</span> 
     </span>
    </p>
   </div>
   <div class='ocr_carea' id='block_1_10' title="bbox 237 4358 2709 4825">
    <p class='ocr_par' dir='ltr' id='par_1_14' title="bbox 240 4358 2704 4429">
     <span class='ocr_line' id='line_1_33' title="bbox 240 4358 2704 4429; baseline 0.001 -12"><span class='ocrx_word' id='word_1_273' title='bbox 240 4358 383 4418; x_wconf 89' lang='grc'><strong><em>852.</em></strong></span> <span class='ocrx_word' id='word_1_274' title='bbox 1899 4358 2078 4429; x_wconf 86' lang='lat' dir='ltr'>Rom,</span> <span class='ocrx_word' id='word_1_275' title='bbox 2124 4358 2164 4419; x_wconf 88' lang='lat'><strong><em>8</em></strong></span> <span class='ocrx_word' id='word_1_276' title='bbox 2204 4358 2484 4419; x_wconf 79' lang='lat' dir='ltr'>Februar</span> <span class='ocrx_word' id='word_1_277' title='bbox 2523 4360 2704 4419; x_wconf 89' lang='grc'><strong><em>1278.</em></strong></span> 
     </span>
    </p>

    <p class='ocr_par' dir='ltr' id='par_1_15' title="bbox 237 4453 2709 4825">
     <span class='ocr_line' id='line_1_34' title="bbox 365 4453 2708 4537; baseline 0.002 -23"><span class='ocrx_word' id='word_1_278' title='bbox 365 4453 762 4515; x_wconf 79' lang='lat' dir='ltr'>Nicolaus</span> <span class='ocrx_word' id='word_1_279' title='bbox 810 4453 943 4515; x_wconf 96' lang='lat' dir='ltr'>III</span> <span class='ocrx_word' id='word_1_280' title='bbox 990 4456 1364 4533; x_wconf 81' lang='lat' dir='ltr'>(Raynerio)</span> <span class='ocrx_word' id='word_1_281' title='bbox 1407 4475 1508 4535; x_wconf 90' lang='lat' dir='ltr'>ep.</span> <span class='ocrx_word' id='word_1_282' title='bbox 1555 4456 1727 4517; x_wconf 84' lang='lat' dir='ltr'>Vult.</span> <span class='ocrx_word' id='word_1_283' title='bbox 1831 4456 1995 4517; x_wconf 89' lang='lat' dir='ltr'>Cum</span> <span class='ocrx_word' id='word_1_284' title='bbox 2037 4477 2132 4535; x_wconf 93' lang='lat' dir='ltr'>ep.</span> <span class='ocrx_word' id='word_1_285' title='bbox 2178 4475 2369 4534; x_wconf 87' lang='lat' dir='ltr'>super</span> <span class='ocrx_word' id='word_1_286' title='bbox 2410 4456 2708 4537; x_wconf 79' lang='lat' dir='ltr'>dampnis</span> 
     </span>
     <span class='ocr_line' id='line_1_35' title="bbox 237 4549 2709 4615; baseline 0.001 -4"><span class='ocrx_word' id='word_1_287' title='bbox 237 4550 443 4611; x_wconf 82' lang='lat' dir='ltr'>illatis</span> <span class='ocrx_word' id='word_1_288' title='bbox 483 4549 604 4610; x_wconf 89' lang='lat' dir='ltr'>sibi</span> <span class='ocrx_word' id='word_1_289' title='bbox 660 4569 700 4608; x_wconf 84' lang='lat' dir='ltr'>a</span> <span class='ocrx_word' id='word_1_290' title='bbox 756 4569 1096 4611; x_wconf 89' lang='lat' dir='ltr'>commune</span> <span class='ocrx_word' id='word_1_291' title='bbox 1152 4557 1218 4610; x_wconf 90' lang='lat' dir='ltr'>et</span> <span class='ocrx_word' id='word_1_292' title='bbox 1273 4550 1640 4613; x_wconf 85' lang='lat' dir='ltr'>hominibus</span> <span class='ocrx_word' id='word_1_293' title='bbox 1680 4552 1857 4613; x_wconf 89' lang='lat' dir='ltr'>Vult.</span> <span class='ocrx_word' id='word_1_294' title='bbox 1901 4554 1970 4613; x_wconf 89' lang='lat' dir='ltr'>in</span> <span class='ocrx_word' id='word_1_295' title='bbox 2025 4553 2459 4615; x_wconf 83' lang='lat' dir='ltr'>destructione</span> <span class='ocrx_word' id='word_1_296' title='bbox 2513 4556 2709 4614; x_wconf 79' lang='lat' dir='ltr'>castri</span> 
     </span>
     <span class='ocr_line' id='line_1_36' title="bbox 239 4646 2706 4729; baseline 0.002 -23"><span class='ocrx_word' id='word_1_297' title='bbox 239 4646 622 4725; x_wconf 84' lang='lat' dir='ltr'>Berignonis</span> <span class='ocrx_word' id='word_1_298' title='bbox 663 4646 730 4705; x_wconf 86' lang='lat' dir='ltr'>in</span> <span class='ocrx_word' id='word_1_299' title='bbox 781 4648 1176 4726; x_wconf 81' lang='lat' dir='ltr'>Raynerium</span> <span class='ocrx_word' id='word_1_300' title='bbox 1218 4648 1324 4725; x_wconf 89' lang='lat' dir='ltr'>qd.</span> <span class='ocrx_word' id='word_1_301' title='bbox 1355 4647 1740 4721; x_wconf 86' lang='lat' dir='ltr'>Rustichini,</span> <span class='ocrx_word' id='word_1_302' title='bbox 1771 4648 2215 4711; x_wconf 79' lang='lat' dir='ltr'>Bonacursum</span> <span class='ocrx_word' id='word_1_303' title='bbox 2243 4648 2347 4727; x_wconf 93' lang='lat' dir='ltr'>qd.</span> <span class='ocrx_word' id='word_1_304' title='bbox 2380 4649 2706 4729; x_wconf 85' lang='lat' dir='ltr'>Rugerini,</span> 
     </span>
     <span class='ocr_line' id='line_1_37' title="bbox 237 4742 2705 4825; baseline 0.001 -20"><span class='ocrx_word' id='word_1_305' title='bbox 237 4745 668 4805; x_wconf 59' lang='lat' dir='ltr'>Sarracenum</span> <span class='ocrx_word' id='word_1_306' title='bbox 697 4742 892 4805; x_wconf 89' lang='lat' dir='ltr'>Scudi</span> <span class='ocrx_word' id='word_1_307' title='bbox 934 4743 1111 4804; x_wconf 89' lang='lat' dir='ltr'>Vult.</span> <span class='ocrx_word' id='word_1_308' title='bbox 1157 4745 1328 4805; x_wconf 87' lang='lat' dir='ltr'>cives</span> <span class='ocrx_word' id='word_1_309' title='bbox 1369 4747 1900 4823; x_wconf 85' lang='lat' dir='ltr'>compromiserit,</span> <span class='ocrx_word' id='word_1_310' title='bbox 1928 4765 2101 4825; x_wconf 81' lang='lat' dir='ltr'>papa</span> <span class='ocrx_word' id='word_1_311' title='bbox 2140 4744 2531 4807; x_wconf 83' lang='lat' dir='ltr'>arbitrorum</span> <span class='ocrx_word' id='word_1_312' title='bbox 2574 4747 2705 4807; x_wconf 82' lang='lat' dir='ltr'>lau-</span> 
     </span>
    </p>
   </div>
  </div>
 </body>
</html>
