3817 5642
1081 598 1154 651 90
1733 600 2172 655 REGESTUM
2210 600 2899 655 VOLATERRANUM

1083 790 1218 850 258.
2410 792 2561 853 Vico
2609 791 2729 853 Val
2768 792 3005 867 d’Elea,
3048 793 3089 854 3
3131 792 3323 869 April
3361 792 3543 854 1202.

1203 886 1562 947 Concordia
1599 888 1764 947 inter
1791 886 2129 950 Albertum
2158 887 2239 947 de
2268 885 2677 949 Monta-utolo
2703 888 3037 951 dominum
3079 890 3121 953 S
3138 908 3282 949 ano
3300 890 3362 949 ti
3406 889 3547 949 Ge·

1087 982 1428 1045 miniani
1479 990 1547 1045 et
1592 981 1904 1045 clm-itum
1936 984 2101 1046 Pillii
2128 986 2452 1046 consulem
2490 992 2915 1047 mercatorum
2943 986 3160 1047 Flor.
3190 1004 3383 1063 super
3414 986 3543 1047 dis-

1083 1080 1304 1142 cordia
1347 1084 1516 1143 inter
1563 1081 1966 1145 Florentinos
2020 1088 2087 1143 et
2140 1082 2665 1145 Sumofontenses
2718 1083 3545 1163 Santigi'minianensesque.

1403 1180 1540 1241 San
1567 1180 1950 1257 Gimiqnano
1979 1178 2211 1241 AGom.
2235 1180 2419 1241 Liber
2444 1181 2705 1243 blancus
2738 1182 2837 1243 16¹
2866 1180 3015 1259 cop.
3058 1202 3107 1243 ε.
3152 1180 3343 1241 XIII
3382 1181 3543 1241 med.

1403 1277 1518 1337 Ed.
1563 1278 1823 1339 Santini
1863 1276 2011 1338 Doc.
2058 1277 2137 1339 73
2162 1276 2321 1337 nach
2350 1278 2610 1338 Florem
2645 1278 2795 1339 Ast.
2840 1278 3118 1355 Capitoli
3156 1277 3399 1339 XXVI
3444 1276 3543 1351 70,

1402 1375 1540 1437 189.
1585 1374 1848 1445 XXIX.
1895 1376 1989 1436 75.

1083 1474 1222 1534 259.
2910 1474 2951 1535 8
2988 1474 3246 1535 Januar
3286 1474 3545 1551 120412.

1203 1570 1376 1631 Dum
1419 1570 1684 1649 quidam
1708 1572 1948 1633 vellent
1988 1571 2371 1633 discordiam
2416 1590 2671 1634 movere
2712 1572 2795 1633 de
2836 1578 3025 1645 terra,
3056 1592 3253 1651 quam
3294 1572 3545 1647 Ild(e-

1084 1667 1482 1745 brandus)
1527 1668 1700 1730 Vult.
1741 1688 1840 1747 ep.
1886 1669 2153 1731 dederat
2194 1670 2585 1731 monasterio
2619 1690 2668 1731 s.
2714 1668 2985 1749 Galgani
3028 1670 3195 1731 inter
3217 1670 3545 1731 Ciecinam

1081 1772 1150 1826 et
1192 1764 1512 1837 Sellatem,
1555 1766 1858 1839 dicentes,
1882 1768 2061 1847 quod
2102 1768 2190 1829 illi
2233 1768 2314 1829 de
2352 1788 2400 1830 s.
2445 1767 2737 1846 Galgano
2775 1774 3080 1847 ceperant
3124 1768 3209 1829 ad
3246 1767 3545 1829 laboran-

1083 1864 1238 1925 dum
1280 1865 1360 1925 de
1405 1870 1574 1925 terra
1614 1872 2004 1940 consortum,
2049 1886 2173 1945 que
2214 1886 2347 1929 non
2390 1871 2529 1926 erat
2572 1868 2651 1927 de
2694 1872 2883 1939 terra,
2929 1885 3125 1944 quam
3154 1867 3243 1926 eis
3270 1865 3547 1926 dederat

1083 1982 1202 2040 ep.,
1247 1962 1674 2024 Ildebrandus
1715 1963 1977 2024 consilio
2018 1963 2409 2042 prudentum
2453 1967 2735 2027 virorum
2778 1966 3071 2026 vocavit·
3094 1983 3307 2025 coram
3350 1982 3421 2023 se
3460 1970 3541 2024 tt.

1085 2078 1196 2135 per
1217 2058 1764 2137 publicamentum
1791 2059 1876 2120 ad
1905 2060 2403 2123 terrafinandam
2430 2067 2690 2134 terram,
2722 2079 2849 2139 que
2870 2061 3019 2123 olim
3046 2062 3172 2121 fuit
3190 2059 3337 2121 eccl.
3362 2060 3542 2121 Vult.

1085 2155 1282 2216 VIIII
1317 2156 1630 2217 nominati
1661 2161 1737 2217 tt.
1770 2156 2195 2218 ostenderunt
2221 2164 2291 2218 et
2318 2158 2513 2235 pedes
2555 2158 3091 2219 terrefinaverunt
3128 2164 3386 2224 terram.
3418 2176 3547 2236 que

1085 2252 1236 2313 olim
1291 2251 1503 2315 fuerat
1559 2255 1704 2315 eccl.
1769 2254 1946 2315 Vult.
2011 2275 2052 2315 a
2114 2255 2289 2335 Ripa
2346 2274 2537 2335 super
2598 2256 2835 2317 flumen
2896 2253 3168 2326 Senatis,
3230 2262 3300 2315 et
3358 2256 3547 2333 signa

1083 2350 1223 2410 loco
1263 2350 1682 2412 terminorum
1725 2351 1937 2431 posita
1979 2351 2256 2413 fuerunt.
2343 2353 2521 2415 Faot.
2554 2372 2713 2431 pres.
2744 2358 2812 2413 et
2843 2354 3234 2413 auctoritate
3258 2353 3545 2431 episcopi

1083 2450 1254 2509 sicut
1291 2448 1518 2509 iudicis
1559 2450 1689 2511 ord.
1780 2449 2283 2512 Buonafidantia
2319 2450 2425 2530 qd.
2470 2452 2848 2532 Lampretti.
2880 2450 3129 2535 Uber-to
3172 2451 3389 2513 Parisi.
3440 2451 3543 2510 Bi-

1083 2544 1251 2607 folco
1302 2545 1554 2607 civibus
1607 2547 1778 2609 Vult.
1823 2548 2193 2609 castillione
2248 2549 2352 2627 qd.
2413 2548 2757 2613 Gottifredi
2812 2548 2894 2609 de
2949 2548 3171 2610 Monte
3226 2544 3543 2608 Vultraio.

1084 2644 1350 2704 Yacobo
1391 2645 1713 2706 Asseduti.
1760 2646 2047 2707 Lotterio
2088 2645 2192 2724 qd.
2240 2646 2513 2709 Lotterii
2550 2646 2633 2707 de
2672 2647 2912 2710 Sancto
2968 2647 3367 2708 GeminianO.
3412 2647 3545 2706 Me·

1083 2742 1296 2804 lanese
1336 2744 1684 2805 castellano
1725 2744 1806 2804 de
1855 2745 2175 2806 Bernioni.
2234 2744 2543 2823 Magistro
2588 2743 2839 2817 Pisano,
2882 2746 3023 2805 aliis
3066 2750 3142 2805 tt.
3241 2742 3541 2807 MOCIII.

1085 2840 1177 2901 VI
1221 2841 1302 2901 id.
1347 2844 1493 2911 ian„
1538 2840 1666 2903 ind.
1712 2841 1858 2902 VII.
1944 2842 2343 2903 Crescentius
2384 2842 2513 2903 ord.
2560 2842 2753 2907 iudex
2796 2849 2863 2902 et
2903 2848 3035 2903 not.

1404 2938 1660 2999 Florenz
1703 2939 1854 2999 Ast.
1903 2939 2088 3014 (Volt.
2135 2940 2297 3001 1203
2338 2940 2376 2999 I
2422 2940 2477 3013 7,
2520 2960 2582 3001 π.
2628 2940 2732 3017 61)
2776 2940 2947 3017 Oriq.

1083 3110 1219 3169 260.
2242 3108 2580 3181 Micciavw,
2625 3108 2705 3170 17
2745 3110 2879 3171 und
2917 3108 2999 3169 18
3036 3108 3314 3169 Februar
3352 3108 3535 3169 1204.

1205 3205 1500 3277 MCCIII,
1543 3206 1716 3267 XIII
1759 3206 1881 3265 kal.
1928 3212 2139 3279 mart,
2176 3206 2305 3267 ind
2351 3206 2497 3267 VII.
2584 3206 2895 3269 Homines
2935 3206 3017 3266 de
3056 3206 3333 3266 Miciano
3374 3206 3539 3266 iura-

1085 3310 1318 3362 verunt
1347 3312 1650 3381 precepta
1689 3302 2073 3365 Rainerii
2110 3304 2192 3364 de
2234 3303 2727 3382 Montespertuli
2765 3303 2980 3366 Vult.
3026 3308 3197 3382 pot.
3240 3304 3377 3363 sive
3417 3304 3545 3363 alie

1085 3406 1214 3478 pot.
1248 3402 1346 3459 vel
1379 3401 1654 3461 rectoris.
1679 3400 2051 3478 Sequuntur
2074 3402 2189 3461 LX
2213 3402 2492 3461 nomina.
2519 3400 2937 3463 Sacramenta
2966 3406 3225 3478 recepta
3249 3401 3319 3462 in
3346 3400 3545 3459 domo

1085 3497 1252 3557 Pieri
1295 3497 1530 3557 Burelli
1573 3500 1637 3557 in
1681 3497 1883 3577 burgo
1909 3497 1992 3559 de
2020 3498 2314 3559 Miciauo,
2402 3500 2467 3558 in
2496 3508 2655 3576 pres,
2699 3496 2977 3560 Beliorte
3007 3497 3049 3559 f.
3088 3496 3539 3559 Bonafidanze.

1083 3595 1308 3657 Iaferri
1351 3596 1453 3673 qd.
1500 3596 1852 3659 Gerar-dini.
1895 3597 2193 3657 Rainerio
2222 3596 2264 3656 f.
2296 3596 2613 3657 Albert-ini
2642 3596 3016 3657 Mariscotti.
3102 3594 3411 3674 Sequenti
3435 3596 3545 3655 die

1087 3694 1243 3755 XVI
1287 3695 1442 3755 item
1486 3695 1878 3764 iuraverunt,
1964 3700 2219 3773 recepta
2260 3696 2325 3754 in
2368 3693 2561 3755 domo
2605 3694 3023 3755 Riccomanni
3078 3696 3143 3755 in
3199 3692 3402 3773 burgo
3460 3694 3543 3754 de

1084 3791 1358 3851 Miciano
1461 3792 1527 3850 in
1569 3811 1725 3869 pres.
1774 3791 2055 3853 Belforte
2097 3791 2138 3851 f.
2186 3790 2636 3854 Bonafidanze.
2686 3787 3025 3852 Baldovini
3066 3790 3145 3851 de
3200 3789 3539 3851 GabrettO.

1086 3890 1368 3949 Rainerii
1410 3887 1451 3948 f.
1498 3888 1812 3949 Albertini
1855 3889 2228 3950 Mariscotti.
2315 3889 2638 3968 Henrigus
2680 3890 2830 3968 imp.
2875 3894 3009 3949 not.

1405 3986 1661 4045 Florenz
1701 3986 1852 4046 Ast.
1902 3986 2087 4063 (Volt.
2133 3986 2295 4047 1203
2336 3986 2417 4045 II
2459 3987 2557 4060 17,
2600 4006 2666 4045 π.
2710 3986 2813 4060 62)
2858 3984 3029 4062 Oriq.

1085 4166 1224 4225 261.
2512 4164 2965 4237 Montecerboli‚
3009 4163 3091 4224 25
3132 4163 3317 4223 Mc‘z‘rz
3356 4162 3539 4223 1204.

1202 4260 1534 4333 MCCIIII,
1581 4261 1745 4322 VIII
1788 4261 1911 4321 kal.
1958 4282 2114 4340 apr„
2160 4263 2284 4323 ind.
2330 4262 2477 4323 VII.
2584 4262 2895 4324 Homines
2937 4260 3131 4322 castri
3169 4259 3250 4320 de
3288 4260 3543 4322 Monte-

1083 4356 1341 4431 cerbuli,
1367 4359 1662 4419 LXXIII
1693 4360 2031 4431 nominati,
2061 4360 2436 4421 iuraverunt
2464 4356 2712 4421 salvare
2733 4360 2790 4421 V
2808 4381 2847 4421 u
2867 4361 2883 4420 l
2902 4368 3299 4421 tert-anos.
3370 4358 3545 4419 Acta

1232 4547 1270 4609 ¹)
1317 4546 1465 4596 Woht
1500 4562 1576 4596 an
1613 4546 1706 4595 Ort
1741 4546 1856 4597 und
1893 4547 2053 4597 Stella
2089 4548 2441 4604 beurkundcl:
2476 4549 2568 4599 der
2604 4550 2798 4598 Sulcate
2846 4548 2918 4598 iet
2965 4548 3058 4599 oin
3094 4546 3411 4605 Nebenfluu
3446 4548 3541 4597 dee

1084 4637 1286 4686 Ba-hee
1317 4636 1493 4693 Fusci.
1517 4636 1609 4685 der
1633 4636 1696 4685 in
1731 4636 1817 4685 dio
1843 4636 2043 4686 Casina
2076 4638 2316 4696 mandet,
2353 4638 2453 4687 dae
2490 4637 2647 4688 Land
2682 4653 2831 4687 muse
2867 4638 3067 4699 unsa-n
3101 4636 3192 4687 des
3214 4636 3543 4697 versuumn

1084 4724 1323 4775 Kastatla
1358 4724 1663 4785 Ber-iamne
1699 4726 1914 4787 odoacri
1948 4726 2145 4782 haben.-
2180 4727 2268 4776 dic
2306 4726 2625 4787 schem-unq
2662 4725 2754 4776 des
2801 4725 3050 4786 Biechols
3097 4726 3251 4775 selbez
3287 4752 3358 4763 --
3391 4724 3543 4774 nicht

1082 4813 1341 4865 identiech
1377 4815 1475 4862 mit
1511 4828 1564 4861 π.
1595 4816 1698 4864 256
1735 4842 1804 4852 ——
1841 4816 1911 4863 iet
1948 4816 2193 4865 vesorem.
