3817 5642
844 535 1287 590 REGESTUM
1326 535 1433 588 VO
1446 535 1885 589 LATERRAN
1896 535 2012 590 UM
2546 539 2652 590 233

2346 631 2521 638 -——.——
2554 633 2587 637 --

185 733 325 792 cius
366 733 669 792 assessori
712 737 780 792 et
822 731 1034 792 iudici.
1141 732 1223 792 In
1262 733 1637 792 memoriam
1678 751 2058 794 revocamus
2115 751 2228 792 nos
2283 730 2518 811 pluries
2574 733 2654 793 de

186 829 379 890 bonis
420 836 492 890 et
530 825 791 890 decimis
832 828 1059 888 Albizo
1102 826 1297 907 priori
1336 827 1419 888 de
1476 829 1775 890 Paurano
1828 831 2037 890 amico
2093 831 2326 892 intimo
2365 833 2655 890 comunis

183 935 251 989 et
296 926 521 1007 populi
563 927 918 988 Florentini
962 925 1419 988 inviolabiliter
1459 927 1791 988 servandis
1831 928 2176 1006 scripsisse.

523 1025 679 1089 Vozt.
724 1025 967 1088 AVesc.
1012 1023 1185 1102 App.
1230 1042 1279 1085 3.
1324 1023 1513 1084 XIII
1555 1024 1721 1085 Rau.
1762 1043 1831 1086 π.
1874 1024 1914 1085 4
1955 1023 2110 1102 Oop.
2155 1043 2204 1084 3.
2247 1023 2456 1086 XIII.

88 1151 97 1168 ’
186 1179 337 1236 698.
1753 1174 2076 1245 Momm,
2119 1175 2200 1236 23
2242 1176 2428 1238 Marz
2467 1177 2646 1238 1258

311 1272 681 1344 MCCLVII,
738 1273 805 1334 X
845 1271 971 1334 kal.
1020 1292 1179 1352 apt,
1221 1271 1353 1332 ind.
1398 1273 1453 1332 I
1550 1271 1874 1352 Henrigus
1931 1271 2257 1334 Gullielmi
2310 1279 2376 1334 et
2431 1271 2652 1335 Benci-

184 1393 225 1430 v
231 1391 399 1432 enne
425 1372 750 1442 Iohannis,
781 1376 1228 1450 procuratores
1252 1369 1427 1430 Petri
1449 1370 1599 1430 olim
1628 1369 2020 1432 Christofani
2047 1378 2115 1432 et
2145 1371 2410 1432 Orlandi
2437 1370 2650 1434 Buon-

182 1470 461 1549 signoris
486 1475 665 1530 carta
692 1469 1005 1530 Guidonis
1036 1469 1302 1530 Giunnis
1331 1472 1489 1536 not..
1514 1466 1886 1540 MCC-LVII,
1911 1468 2044 1528 ind.
2076 1469 2128 1540 Ι,
2155 1469 2211 1527 V
2233 1469 2358 1529 kal.
2385 1477 2574 1530 mart.
2605 1472 2648 1548 ¹)

185 1566 571 1627 confitemur
616 1585 727 1628 nos
768 1568 1077 1645 recrpisse
1121 1587 1161 1626 a
1199 1565 1497 1627 Ventura
1534 1566 1883 1643 capellan0‚
1946 1565 2286 1638 Rainaldo,
2345 1567 2652 1628 Micchele

184 1663 495 1725 castaldis
538 1665 708 1724 curie
742 1666 811 1724 in
838 1664 1155 1726 Monterio
1183 1682 1301 1742 pro
1343 1662 1458 1723 Ra
1471 1665 1761 1742 ynerio
1787 1663 1993 1723 electo
2020 1663 2196 1725 Vult.
2231 1685 2265 1724 a
2297 1663 2424 1725 kal.
2455 1674 2646 1726 mart.

183 1761 507 1823 MCCLVI
548 1761 631 1822 ad
672 1761 800 1822 kal.
846 1767 1037 1822 mart.
1079 1760 1433 1840 MCGLVII
1475 1761 1759 1840 quinque
1802 1759 1977 1822 milia
2008 1769 2266 1823 centum
2296 1765 2654 1842 nonaginta

182 1861 297 1920 lib.
328 1859 477 1920 den.
509 1858 651 1920 Sen.
678 1861 909 1920 minut.
934 1878 1053 1938 pro
1074 1857 1359 1920 valentia
1381 1857 1893 1920 DCLXXXXII
1919 1879 2111 1918 marc.
2136 1879 2268 1938 arg.
2294 1860 2374 1919 de
2397 1879 2650 1920 summa

185 1960 477 2035 quinque
500 1956 748 2017 milium
769 1956 1195 2019 ducentarum
1219 1955 1691 2036 quinquaginta
1719 1973 1912 2016 marc.
1935 1955 1982 2032 ⁹)
2012 1975 2205 2034 quam
2233 1956 2474 2018 clectus
2497 1959 2648 2017 dare

184 2057 483 2132 promisit>
526 2054 905 2116 Buonifatio
948 2053 1408 2135 Buonsignoris
1450 2060 1517 2113 ct
1560 2051 2018 2114 Bartholomeo
2059 2053 2212 2112 olim
2256 2052 2646 2114 Christofani

182 2160 368 2212 carta
412 2153 627 2231 Egidii
672 2153 1039 2214 Guasconis.
1124 2151 1269 2212 Act.
1314 2151 1617 2212 Monterii
1656 2150 1723 2211 in
1764 2148 1914 2210 eccl.
1947 2171 1994 2210 s.
2028 2150 2270 2212 Iacobi.
2357 2148 2649 2210 Buondic

184 2250 292 2327 qd.
336 2249 634 2311 Tebaldi.
678 2249 1034 2310 Benincasa
1075 2253 1141 2308 et
1181 2247 1589 2310 Benciver'me
1617 2247 1723 2326 qd.
1755 2247 2103 2328 Paganelli.
2135 2247 2348 2308 Genne
2376 2248 2481 2326 qd.
2513 2247 2646 2309 Uli-

186 2348 365 2408 verii.
410 2346 662 2408 Tafano
703 2347 812 2426 qd.
848 2346 1328 2419 Ciambruscoli‚
1357 2344 1497 2406 aliis
1529 2351 1607 2405 tt.
1695 2345 2122 2406 Ildebrandus
2153 2344 2464 2406 Marinelli
2491 2345 2644 2424 imp.

187 2451 359 2505 auct.
406 2451 544 2506 not.

306 2543 571 2603 Eisdem
612 2542 737 2618 die,
780 2541 939 2616 loco,
984 2548 1089 2616 tt.,
1118 2549 1255 2602 not.
1341 2541 1588 2615 Eidem,
1618 2541 1951 2604 castellani
1982 2542 2047 2601 in
2075 2561 2332 2603 cassaro
2359 2541 2440 2602 de
2466 2543 2643 2604 Mon·

184 2644 368 2712 terio.
413 2641 793 2702 confitemur
836 2661 953 2702 nos
993 2641 1301 2718 recepisse
1344 2659 1383 2699 a
1424 2641 1713 2701 Ventura
1762 2645 1827 2698 et
1886 2640 2209 2702 Rainaldo
2261 2639 2566 2702 castaldis
2607 2660 2649 2702 a

185 2738 311 2798 kal.
358 2744 551 2798 mart.
599 2745 769 2798 retro
808 2736 1283 2800 CCCCXXXII
1322 2735 1433 2796 lib.
1478 2736 1623 2799 den.
1668 2737 1798 2800 Pis,
1840 2753 1991 2798 nov.
2025 2739 2253 2799 minut.
2285 2758 2399 2817 pro
2430 2739 2646 2800 solidis

187 2836 425 2896 nostris
466 2840 539 2895 et
576 2842 943 2914 sergentum
984 2841 1352 2896 morantum
1396 2836 1464 2895 in
1503 2854 1757 2896 cassare
1812 2853 1931 2913 pro
1985 2855 2156 2896 anno
2212 2837 2520 2914 preterito
2561 2837 2646 2897 ad

186 2935 505 2992 rationem
548 2931 847 2994 XXXVI
888 2931 997 2993 lib.
1043 2951 1159 3010 pro
1198 2952 1435 3004 mense,
1479 2951 1641 3009 quos
1682 2931 1926 2992 electus
1968 2933 2122 2993 dare
2165 2938 2423 2993 tenetur
2463 2943 2646 2994 carta

188 3030 399 3108 Egidii
440 3029 814 3091 Guasconis.

302 3128 475 3189 Item
518 3127 720 3188 eidem
766 3128 1099 3188 castellani
1139 3127 1517 3188 confitemur
1558 3147 1675 3188 nos
1718 3129 2026 3206 recepisse
2069 3149 2110 3188 a
2149 3128 2459 3202 Ventura,
2491 3129 2641 3190 Rai-

192 3224 401 3298 nald0‚
446 3225 719 3304 Michele
757 3224 1062 3286 castaldis
1102 3226 1181 3286 de
1222 3224 1583 3286 redditibus
1614 3225 2230 3307 argentifodinarum
2262 3229 2577 3304 perceptis
2606 3249 2646 3286 a

144 3305 157 3320 ”
188 3319 312 3380 kal.
357 3330 550 3383 mart.
594 3327 769 3384 retro
808 3321 1142 3383 XXXVII
1185 3322 1292 3382 lib.
1338 3322 1431 3382 VI
1473 3323 1585 3384 sol.
1630 3324 1687 3384 V
1724 3323 1869 3384 den.
1915 3325 2040 3384 Pis,
2085 3344 2234 3384 nov.
2265 3327 2496 3385 minut.
2527 3347 2644 3404 pro

192 3422 482 3496 expensis
522 3419 715 3482 factis
755 3423 824 3482 in
864 3421 1267 3500 reaptatione
1320 3423 1576 3494 cassari,
1636 3422 1934 3500 precipue
1975 3423 2233 3483 intratis
2287 3423 2481 3484 factis
2527 3444 2643 3502 pro

192 3516 377 3578 nobis
414 3523 483 3576 et
522 3537 641 3595 pro
683 3517 968 3581 Orlando
1006 3524 1073 3579 et
1102 3517 1295 3579 Pet-ro
1321 3525 1389 3579 et
1423 3519 1842 3581 societatibus
1868 3538 2091 3580 eorum
2118 3520 2189 3581 in
2216 3520 2378 3580 turri
2407 3523 2642 3582 cassari

192 3610 627 3675 detinentibus
666 3635 1013 3676 cassatum.

302 3711 476 3772 Item
518 3712 745 3784 eidem,
793 3719 1238 3790 procuratores
1277 3713 1503 3775 Jacobi
1544 3715 1689 3775 olim
1740 3713 2018 3774 Renaldi
2059 3714 2282 3776 Iacobi
2326 3734 2441 3793 pro
2481 3734 2548 3774 se
2577 3722 2643 3775 et

191 3810 373 3870 sociis
410 3817 479 3870 et
525 3809 790 3872 Orlandi
829 3809 1288 3888 Buonsignoris
1328 3831 1444 3888 pro
1474 3832 1559 3886 se,
1590 3811 1828 3873 Iacobo
1858 3812 2236 3885 Ranuccini‚
2267 3813 2407 3872 aliis
2435 3813 2638 3885 sociiS,

196 3915 371 3968 carta
410 3907 723 3970 Guidonis
764 3910 1033 3972 Giannis
1076 3914 1233 3982 not„
1276 3909 1660 3970 confitemur
1700 3929 1815 3972 nos
1857 3929 1899 3971 a
1937 3909 2249 3984 Ventura,
2296 3909 2638 3984 Rainald0‚

196 4003 453 4066 Michele
493 4005 797 4067 castaldis
840 4026 955 4084 pro
998 4005 1390 4068 Rainerio
1434 4008 1639 4071 electo
1678 4007 1854 4068 Vult.
1898 4027 1940 4068 a
1965 4007 2093 4069 kal.
2125 4013 2315 4069 mart.
2347 4017 2518 4068 retro
2545 4029 2640 4068 re·

196 4105 427 4177 cepisse
468 4101 694 4165 CCXV
735 4102 844 4164 lib.
887 4103 1031 4164 den.
1078 4102 1220 4164 Sen.
1266 4105 1518 4176 minut„
1566 4123 1726 4182 quos
1769 4105 2010 4166 electus
2038 4106 2192 4166 dare
2218 4104 2414 4166 debet
2445 4108 2532 4166 cis
2561 4127 2639 4166 ex

196 4198 328 4258 iure
367 4219 537 4260 cesso
576 4201 817 4263 Iacobo
860 4201 1131 4262 Renaldi
1174 4209 1241 4262 et
1284 4202 1521 4262 Iacobo
1553 4201 1907 4263 Eanum-ini
1940 4223 1978 4262 a
2007 4205 2260 4264 comuni
2292 4202 2460 4274 Sen.‚
2493 4223 2638 4264 cum

197 4294 428 4356 electus
470 4317 574 4358 eos
616 4299 771 4360 dare
812 4298 1155 4360 tenebatur
1196 4302 1454 4361 nomine
1496 4319 1718 4360 census
1762 4319 1878 4377 pro
1921 4309 2130 4360 castro
2173 4301 2496 4363 Monterii.

514 4395 672 4456 Vola.
718 4395 957 4457 AVcsc.
1003 4415 1054 4456 3.
1098 4395 1286 4456 XIII
1326 4395 1451 4456 dec.
1496 4397 1534 4456 6
1562 4417 1624 4456 n.
1658 4397 1733 4456 51
1765 4397 1938 4473 Θήρ.
1975 4399 2125 4470 (vier
2159 4395 2504 4457 Urlcunden
2526 4397 2640 4474 auf

504 4493 701 4552 (tinem
740 4491 1155 4568 Perqament).

342 4651 382 4715 ¹)
420 4655 550 4704 1253
586 4655 827 4704 Februar
854 4657 937 4706 23.
1084 4655 1129 4718 ⁹)
1164 4655 1464 4718 Verqleichc
1490 4675 1511 4704 e
1534 4657 1751 4704 Bistam
1775 4657 1889 4705 und
1917 4657 2342 4718 Geldwirtschajt
2362 4677 2386 4708 t
2421 4657 2490 4706 II
2517 4657 2634 4707 300.

196 4739 359 4787 Diese
392 4745 495 4793 und
529 4745 615 4794 die
650 4745 861 4794 andem
896 4745 1198 4794 crwc'ihmen
1242 4745 1535 4795 Urkzmden
1571 4747 1696 4792 sind
1740 4745 1994 4796 verloren.
