3817 5642
1086 589 1189 640 182
1726 589 2168 644 REGESTUM
2207 589 2896 644 VOLATERRANUM

1445 683 1500 690 *υ-
2518 685 2669 690 --
2738 685 2801 690 --
2844 685 2911 690 --
2962 685 3035 690 --
3136 685 3263 692 —
3316 685 3528 692 —-——...

1082 805 1219 846 ram
1261 783 1343 845 de
1362 783 1621 848 Casulis.
1708 783 2000 846 Ballione
2024 791 2094 847 et
2119 783 2567 847 Ildibrandino
2595 791 2674 846 tt.
2759 805 2981 846 omncs
3011 805 3202 864 super
3231 786 3532 858 turribus,

1080 883 1397 956 domibus,
1444 886 1693 964 plateis,
1738 885 2035 948 casalinis
2075 887 2144 946 in
2183 905 2439 948 cassato
2473 887 2710 948 Montis
2739 885 3068 948 Vultrarii.
3155 887 3348 959 Pena,
3377 885 3535 956 loco,

1082 985 1187 1046 die
1228 985 1437 1046 dictis.
1522 985 1843 1046 Iohannes
1884 989 2060 1047 auct.
2105 987 2259 1065 imp.
2303 984 2450 1046 aule
2491 991 2630 1046 not.

1406 1083 1667 1144 Florenz
1712 1081 1863 1144 Ast.
1911 1082 2070 1158 (San
2111 1083 2520 1162 Gimiqmmo)
2563 1083 2738 1162 Θήρ.

1087 1317 1224 1376 52].
2519 1313 2808 1384 Vester-ra,
2853 1315 2930 1376 11
2971 1315 3321 1393 September
3360 1316 3538 1376 1235.

1206 1413 1655 1484 Mocxxxv.
1698 1413 1831 1474 ind.
1874 1411 2100 1484 VIIII,
2143 1413 2250 1474 III
2293 1413 2380 1474 id.
2425 1417 2588 1490 sept
2673 1411 3044 1490 Capitulum
3073 1413 3275 1485 Vult„
3305 1414 3540 1476 scilicet

1088 1511 1485 1574 Lanfrancus
1525 1510 1891 1582 archidiac..
1946 1511 2249 1588 magister
2307 1509 2683 1583 Bromii-dus,
2743 1509 3147 1581 Thalomeus,
3207 1511 3540 1574 Ranesius,

1086 1607 1474 1681 'sanci-edus,
1534 1607 1938 1686 Luteringus,
1997 1606 2302 1680 Ubertus,
2359 1607 2814 1670 constituimus
2869 1605 3236 1670 Octolinum
3291 1627 3540 1670 cumea-

1089 1706 1391 1769 nonicum
1432 1711 1911 1785 procuratorem
1955 1705 2040 1766 ad
2065 1705 2516 1786 inquirendum
2562 1707 3056 1786 Pag(anum)
3101 1706 3280 1767 Vult.
3310 1727 3432 1786 ep..
3466 1728 3546 1767 ne

1088 1806 1381 1884 pignoret
1424 1801 1529 1864 vel
1570 1801 1805 1864 alienet
1844 1804 1983 1864 sive
2025 1805 2490 1864 concessionem
2539 1802 2636 1864 vel
2693 1801 3160 1883 comandigiam
3217 1801 3418 1864 faciat
3467 1802 3546 1862 de

1090 1902 1591 1982 possessionibus
1651 1903 2061 1981 episcopatus
2129 1903 2262 1962 sine
2329 1900 2638 1980 parabola
2705 1901 2974 1981 capituli
3033 1908 3100 1961 et
3163 1921 3242 1964 ne
3305 1903 3547 1983 aliquid

1090 2000 1266 2062 aliud
1304 2001 1525 2074 faeiat,
1570 1999 1745 2080 quod
1784 2001 1866 2062 de
1904 2001 2042 2060 iure
2083 2020 2231 2062 cum
2273 1999 2560 2079 capitulo
2599 1997 2808 2060 facere
2850 2005 3140 2072 tenetur;
3181 2006 3260 2062 ut
3303 1999 3434 2078 ipse
3463 2003 3548 2062 sit

1093 2118 1240 2160 cum
1282 2097 1567 2178 capitulo
1608 2097 1691 2160 ad
1728 2097 2096 2160 faciendum
2139 2096 2544 2158 concordiam
2587 2117 2734 2158 cum
2783 2097 3040 2158 comuni
3094 2097 3296 2170 Vult..
3339 2107 3408 2158 et
3463 2099 3546 2159 ad

1092 2195 1546 2275 adpellandum
1589 2195 1676 2257 ad
1716 2213 1974 2274 papam,
2020 2215 2098 2256 ne
2139 2213 2239 2274 ep.
2286 2213 2402 2273 pro
2441 2195 2632 2256 dictis
2673 2195 3185 2256 excommunicet
3211 2197 3312 2256 vel
3359 2197 3548 2256 inter-

1094 2293 1269 2356 dicat·
1298 2290 1671 2372 capitulum.
1760 2291 1903 2353 Act.
1935 2291 2112 2354 Vult.
2143 2293 2212 2354 in
2237 2291 2518 2354 claustro
2545 2293 2850 2354 canonice
2877 2311 2928 2351 s.
2958 2291 3177 2352 Mario.
3263 2291 3550 2354 Iohanne

1095 2387 1319 2454 clefico
1340 2391 1449 2470 qd.
1484 2389 1788 2452 Ruffaldi.
1820 2389 2104 2452 Amoldo
2133 2387 2359 2452 clerico
2387 2390 2496 2468 qd.
2529 2389 2755 2452 Donizi
2779 2395 2858 2450 tt.
2943 2389 3347 2451 Benintende
3373 2397 3531 2452 auct

1096 2491 1247 2568 imp.
1294 2494 1429 2550 not.

1414 2585 1675 2648 Florem
1719 2585 1871 2648 Asc.
1921 2585 2114 2662 (Vols.
2145 2605 2208 2646 π.
2252 2585 2398 2662 374)
2441 2584 2616 2662 Oriq.

1100 2823 1237 2884 522.
2517 2819 2813 2888 Volterra.
2857 2818 2938 2880 26
2977 2819 3324 2896 September
3365 2819 3550 2880 1235.

1220 2919 1668 2990 Mccxxxv,
1694 2917 1825 2980 ind.
1850 2917 2074 2990 VHII,
2099 2916 2192 2980 VI
2213 2917 2340 2978 kal.
2373 2923 2499 2978 oct.
2581 2917 2961 2996 Filippus
2988 2915 3300 2978 sinibaldi
3328 2916 3554 2978 Vult.

1100 3037 1197 3098 po
1214 3025 1291 3078 te
1307 3037 1336 3074 s
1354 3025 1481 3078 tas
1509 3035 1653 3076 cum
1681 3015 1893 3076 forma
1919 3013 2163 3075 consilii
2191 3014 2486 3092 specialis
2513 3021 2580 3076 ct
2607 3013 2918 3096 generalis
2944 3013 3100 3074 fecit-
3123 3011 3374 3092 publice
3395 3013 3557 3074 ban·

1100 3116 1219 3176 diri
1264 3133 1372 3194 per
1402 3112 1982 3190 Ild(ebrandinum)
2015 3113 2315 3172 nuntium
2344 3111 2652 3184 comunis,
2683 3117 2760 3172 ut
2789 3129 3008 3172 omnes
3035 3108 3292 3170 ecclesie
3319 3117 3386 3170 et
3417 3109 3562 3172 loca

1106 3212 1493 3274 venerabilia
1532 3211 1940 3293 episcopatus
1981 3208 2160 3270 Vult.
2205 3211 2336 3270 sint
2379 3208 2560 3269 salva
2603 3229 2717 3288 per
2769 3227 2990 3270 omnes
3043 3207 3330 3269 homines
3371 3208 3558 3270 Vult.

1103 3313 1247 3373 Act.
1294 3309 1357 3371 in
1398 3311 1667 3372 civitate
1708 3311 1775 3370 in
1802 3313 2008 3388 prat0.
2095 3307 2486 3370 Bontalento
2515 3312 2583 3367 et
2613 3305 2922 3367 Benbono
2951 3313 3085 3366 not.
3113 3311 3191 3366 tt.
3275 3305 3562 3366 Iacobus

1106 3410 1429 3471 Mannecti
1468 3409 1621 3486 imp.
1668 3405 1810 3468 aule
1846 3413 1984 3468 not.

1423 3507 1685 3568 morena
1730 3505 1879 3567 Ast.
1929 3505 2122 3582 (νοιι.
2153 3525 2217 3566 η.
2248 3505 2394 3582 375)
2437 3503 2610 3580 Oria.

1107 3705 1243 3764 523.
2637 3700 2914 3770 Florem,
2957 3698 3036 3760 21
3077 3696 3332 3759 ouober
3372 3697 3562 3758 1235.

1233 3805 1524 3863 Potestas
1564 3807 1631 3860 et
1675 3799 2172 3862 ambasciatores
2229 3799 2444 3860 Vult.
2489 3798 2730 3858 dicunt
2771 3817 2836 3856 se
2879 3796 3039 3856 velle
3080 3793 3335 3856 obedire.
3379 3815 3565 3856 man-

1105 3900 1277 3960 datis
1318 3899 1660 3978 pote-fatis
1716 3903 1783 3958 et
1837 3899 2128 3959 comunis
2183 3896 2350 3958 Flor.
2395 3896 2474 3956 de
2526 3913 2755 3976 guerra
2809 3913 2926 3956 sua
2985 3913 3132 3954 cum
3179 3893 3566 3954 comunibus

1108 3999 1392 4058 Sancti
1448 3995 1902 4058 Geminiani
1957 4001 2024 4054 et
2065 3993 2145 4054 de
2199 3994 2437 4056 Colle.

1428 4094 1691 4154 Florenz
1732 4093 1887 4155 Ast.
1935 4093 2128 4170 (Vozt.
2171 4113 2233 4153 n.
2264 4093 2410 4172 376)
2441 4091 2614 4170 Oriq.
2699 4089 2816 4152 Ed.
2847 4089 3107 4152 San-tini
3135 4089 3284 4150 Doc.
3315 4088 3462 4150 418.

1112 4320 1247 4378 524.
2639 4313 2915 4384 Florem,
2961 4311 3042 4374 26
3081 4311 3335 4372 Oktober
3375 4311 3568 4374 1235.

1234 4415 1527 4474 Potestas
1568 4413 1736 4474 Flor.
1782 4413 2066 4492 precepit
2115 4412 2552 4490 potestatibus
2605 4417 2671 4472 et
2725 4407 3300 4473 ambasciatoribus
3339 4409 3570 4472 Vult.

1113 4519 1179 4574 et
1220 4513 1503 4573 Sancti
1558 4511 2048 4584 Geminiani,
2091 4518 2168 4571 ut
2211 4518 2500 4590 treguam
2544 4511 2710 4570 inter
2748 4527 2814 4570 se
2857 4507 2943 4570 ad
2981 4507 3112 4569 kal.
3153 4507 3280 4568 ian.
3305 4505 3570 4568 firmam

1116 4613 1399 4670 teneant.

1432 4707 1690 4768 morem
1734 4705 1885 4767 Ast.
1922 4705 2110 4782 (Vota.
2139 4725 2204 4766 n.
2234 4671 2594 4784 376)'0r2·9.
2681 4705 2776 4768 Ib.
2815 4704 2966 4766 Ast.
3011 4701 3106 4781 (s.
3149 4702 3310 4764 aem.
3353 4721 3426 4764 n.
3465 4701 3574 4778 38)

1434 4803 1605 4882 Oriq.
1688 4803 1804 4864 Ed.
1848 4803 2109 4865 Scantini
2151 4804 2301 4865 Doc.
2343 4803 2484 4864 419.
