3817 5642
1067 556 1168 605 138
1709 556 2153 611 REGESTUM
2188 556 2513 613 VOLATE
2523 560 2877 615 RRANUM

1061 748 1372 811 Iohannis
1417 750 1499 810 de
1553 748 1776 813 Monte
1829 750 2231 827 Volt(rario).
2330 752 2754 835 Forteguerra
2808 755 3041 819 iudice.
3091 755 3331 819 Iacobo
3384 762 3523 820 not.

1059 846 1478 909 Cascis-conte
1519 848 1626 927 qd.
1669 848 2184 925 Ild(ebrandini).
2230 850 2739 929 Ild(ebrandino)
2770 854 2877 933 qd.
2909 852 3302 934 Albergonis.
3332 854 3525 917 Sasso

1058 948 1306 1005 rectore
1345 944 1587 1009 Montis
1627 946 1988 1025 Vult(rarii)
2032 952 2113 1008 tt.
2196 948 2443 1011 Eodem
2486 950 2592 1011 die
2632 952 2701 1012 in
2738 949 3023 1013 claustro
3062 951 3267 1030 plebis
3304 971 3523 1013 coram

1061 1039 1366 1118 predictis
1393 1041 1672 1103 testibus
1699 1062 1817 1105 nos
1845 1044 2343 1121 F(lorenzettus)
2372 1046 2735 1109 Casulensis
2758 1052 2829 1109 et
2858 1048 3312 1125 P(altonerius)
3342 1048 3523 1110 Mon-

1061 1138 1146 1197 tis
1175 1136 1538 1215 Vult(rarii)
1581 1142 1892 1219 prepositi
1930 1141 2209 1221 delegati
2252 1140 2611 1219 (Iohannis)
2640 1164 2739 1223 ep.
2770 1144 2935 1206 Flor.
2967 1165 3133 1224 pape
3162 1144 3356 1225 legati
3384 1165 3521 1225 pre-

1059 1236 1334 1313 cipimus
1379 1236 1578 1311 vobis,
1625 1239 1736 1317 qui
1790 1240 2225 1301 iuramentum
2269 1240 2531 1315 fecistis,
2588 1248 2657 1303 et
2710 1262 2859 1305 cum
2906 1244 3267 1305 reverentia
3312 1243 3519 1317 vobis,

1057 1335 1374 1412 episcope,
1417 1342 1496 1396 ut
1537 1339 1813 1397 teneatis
1853 1356 2081 1415 pacem
2136 1339 2535 1401 Vulterranis
2574 1340 2657 1402 de
2704 1341 3003 1420 dampnis
3058 1342 3293 1403 inlatis.
3378 1342 3521 1421 Ep„

1059 1432 1494 1495 Bemardinus
1538 1434 1923 1507 Pannoohie»,
1980 1434 2321 1517 Gregorius
2374 1444 2663 1516 potestas
2714 1436 3149 1501 liberaverunt
3200 1440 3518 1517 captivos,

1059 1546 1224 1606 quos
1263 1528 1526 1592 habent.

1379 1628 1646 1691 Florem
1701 1632 1854 1692 Ast.
1899 1632 2091 1710 (Vou.
2136 1652 2199 1695 n.
2240 1632 2389 1709 198)
2440 1633 2609 1712 Θήρ.
2759 1634 2910 1711 Req.
2958 1634 3319 1696 David-‚olm
3364 1635 3516 1696 For-

1381 1724 1696 1803 aehunqen
1737 1726 1814 1789 11
1858 1728 1900 1789 9
1940 1749 2004 1789 n.
2048 1730 2107 1791 4.

1061 1920 1196 1981 388
2398 1928 2536 1989 San
2578 1927 2979 2005 mmmmm,
3022 1928 3103 1989 24
3144 1928 3295 1989 Mai
3336 1928 3518 1989 1220.

1183 2018 1382 2080 VIIII
1423 2019 1551 2083 kal.
1593 2022 1723 2083 iun.
1807 2024 1875 2085 in
1916 2030 2129 2084 castro
2157 2024 2380 2087 Sancti
2406 2026 2770 2087 Geminiani
2854 2024 3061 2086 DCVI
3093 2028 3411 2087 nominati
3438 2026 3519 2087 de

1061 2115 1124 2177 S.
1170 2117 1552 2181 Geminiano
1591 2120 1969 2183 iuraverunt
2008 2126 2229 2183 tenere
2282 2142 2528 2201 pacem.
2612 2121 2906 2184 Ventura
2952 2123 3315 2183 Trinchetti
3360 2124 3519 2201 imp.

1059 2215 1204 2277 aule
1245 2222 1380 2277 not.

1391 2312 1523 2373 Wie
1569 2333 1631 2373 n.
1675 2314 1816 2375 387.

1062 2512 1199 2573 389
2723 2514 2981 2585 Vim-be,
3024 2514 3105 2575 27
3146 2514 3293 2574 Mai
3334 2513 3519 2575 1220.

1181 2606 1598 2670 Honorius
1652 2606 1786 2667 ΙΙΙ
1827 2628 1875 2668 s.
1920 2608 2249 2671 Michaelis
2290 2610 2371 2671 de
2400 2610 2617 2689 Burgo
2644 2616 2713 2671 et
2740 2632 2787 2671 s.
2818 2610 3149 2673 Michaelis
3178 2612 3519 2674 Discalcia-

1059 2714 1276 2769 torum
1317 2704 1465 2766 abb.
1501 2706 1748 2767 Pisanis
1775 2712 1845 2767 et
1887 2706 2179 2783 (Iacobo)
2222 2708 2608 2788 archipresb
2655 2707 2833 2769 Vult.
2930 2710 3091 2771 Cum
3146 2710 3316 2771 inter
3369 2729 3521 2771 con-

1059 2805 1226 2865 sules
1283 2802 1456 2863 Vult.
1514 2809 1582 2864 et
1651 2802 2023 2875 Belfortem,
2080 2804 2333 2879 fratres,
2402 2812 2731 2868 consortes
2796 2807 3017 2885 ipsius,
3090 2808 3261 2868 cives
3319 2804 3517 2879 Vult..

1059 2922 1130 2963 su
1140 2922 1250 2981 per
1275 2902 1529 2963 damnis
1557 2904 1730 2965 datis
1757 2922 1973 2963 coram
2002 2903 2277 2981 archiep.
2310 2904 2543 2966 Pisano
2564 2911 2633 2967 et
2658 2904 3099 2968 coniudicibus
3126 2906 3521 2967 auctoritate

1057 3020 1226 3079 pape
1257 3001 1507 3079 questio
1549 3005 1927 3073 verteretur,
1970 3002 2030 3061 ei
2060 3002 2347 3079 iniquam
2378 3002 2669 3063 tulerunt
2702 3004 3112 3075 sententiam,
3143 3022 3186 3061 a
3210 3020 3341 3082 qua
3366 3020 3520 3063 con-

1059 3098 1228 3157 sules
1269 3096 1356 3157 ad
1383 3096 1777 3159 audientiam
1810 3116 1977 3175 pape
2019 3095 2446 3176 appellarunt.
2472 3098 2763 3171 Mandat,
2794 3104 3117 3177 quatenus
3142 3100 3212 3160 in
3236 3096 3519 3177 appella·

1060 3195 1255 3256 tionis
1290 3212 1484 3253 causa
1513 3195 1900 3256 sententiam
1944 3195 2327 3257 confirment
2370 3197 2469 3256 vel
2512 3196 2859 3258 infirment.
2958 3218 2987 3255 a
3012 3195 3316 3257 Consules
3364 3192 3519 3255 Vul-

1059 3292 1368 3353 terrani».
1453 3292 1606 3353 Dat.
1654 3291 1927 3353 Viterbii
1968 3292 2060 3353 VI
2106 3292 2229 3353 kal.
2272 3296 2427 3366 iun„
2474 3300 2653 3371 pont.
2702 3294 2863 3356 1111.

1377 3391 1642 3451 Florem
1685 3390 1834 3451 Ast.
1881 3391 2076 3467 (Vola.
2128 3412 2191 3452 n.
2242 3392 2387 3467 200)
2438 3392 2611 3469 Oriq.
2658 3392 3115 3468 (Hans-schum,
3160 3390 3353 3452 Bulla
3390 3408 3521 3450 ver·

1383 3490 1597 3564 loren).

1059 3688 1198 3747 390.
2700 3688 2959 3759 Orvieto,
3005 3686 3086 3749 16
3122 3686 3291 3747 «Iuni
3333 3685 3517 3748 1220.

1181 3784 1246 3843 H
1263 3803 1360 3844 on
1376 3786 1550 3843 oriu
1569 3804 1598 3843 s
1627 3784 1660 3843 I
1683 3784 1716 3843 I
1735 3784 1766 3843 1
1798 3784 2087 3859 (Iacobo)
2118 3784 2651 3864 archipresbitero
2678 3792 2745 3845 et
2768 3784 3085 3863 magistris
3110 3781 3519 3845 Ildribrando

1055 3886 1128 3941 et
1183 3880 1417 3940 Pisano
1459 3900 1600 3941 can.
1644 3881 1819 3941 Vult.
1901 3881 2183 3942 Nuntiat
2210 3880 2543 3943 Gollonem
2586 3880 2856 3941 militem
2900 3880 3077 3941 Vult.
3120 3880 3519 3959 crucesigna-

1059 3982 1200 4037 tum
1243 3982 1546 4054 questum
1589 3997 1724 4039 esse
1767 3997 1902 4039 sese
1946 3998 2061 4055 pro
2118 3976 2385 4039 Alberto
2439 3978 2517 4039 de
2574 3976 2974 4056 Sagalarfia),
3037 3974 3346 4037 Albzello¹
3360 3979 3377 4050 )
3434 3972 3521 4035 de

1058 4064 1529 4135 Montecucc’ari
1558 4074 1822 4153 eiusque
1849 4073 2155 4136 fratribus
2182 4076 2251 4137 in
2277 4068 2606 4155 quandam
2635 4094 2954 4135 summam
2984 4074 3339 4153 obligatum
3360 4071 3519 4131 fide-

1057 4172 1322 4233 iussorie
1342 4171 1426 4231 ab
1454 4172 1532 4233 iis
1557 4192 1688 4234 non
1715 4173 1913 4234 fuisse
1938 4172 2353 4250 indempnem
2380 4178 2855 4239 conservatum.
2884 4177 3148 4251 propter
3172 4170 3348 4250 quod
3376 4170 3523 4231 voti

1059 4269 1352 4331 executio
1393 4269 1804 4348 impediatur.
1848 4269 2139 4335 Mandat,
2186 4276 2508 4348 quatenus
2550 4288 2684 4331 rem
2712 4270 2923 4330 usuris
2963 4264 3362 4329 cessantibus
3389 4270 3523 4327 ter·

1059 4368 1325 4428 minent.
1409 4366 1645 4427 «Gollo
1684 4368 1864 4428 miles
1883 4387 1929 4427 t.
2014 4368 2169 4429 Dat.
2214 4368 2389 4446 apud
2430 4366 2961 4429 Urbemveteoem
3012 4364 3171 4426 XVI
3212 4364 3339 4424 kal.
3382 4360 3521 4435 iul..

1055 4468 1237 4543 pont.
1281 4464 1446 4527 1111.

1387 4562 1546 4625 Volt.
1579 4563 1799 4641 ACap.
1830 4584 1892 4625 n.
1926 4564 2047 4625 197
2074 4563 2245 4641 Oriq.
2278 4563 2488 4639 (Buzle
2530 4584 2617 4623 an
2656 4562 3113 4640 Hanlschnur).

1207 4769 1244 4831 ¹)
1285 4773 1376 4821 So.
