3817 5642
1065 548 1090 595 l
1103 546 1168 599 16
1703 541 2149 597 REGESTUM
2190 540 2882 595 VOLATERRANUM

1063 738 1314 801 nandos
1351 757 1544 819 super
1581 738 1696 798 lite
1735 738 1906 799 inter
1960 736 2377 817 Paganum
2430 756 2531 816 ep.
2574 736 2755 798 Vult.
2797 742 2867 798 et
2920 754 3193 799 comune
3238 736 3525 815 precepit

1067 836 1444 897 vicecomiti
1471 834 1554 897 de
1581 834 1822 895 Sancto
1861 834 2249 895 Geminiano
2284 835 2532 897 sindico
2572 853 2693 913 ep„
2736 840 2835 907 ut,
2864 852 3303 913 quoscumque
3330 839 3529 893 testes

1067 930 1280 1005 vellet,
1329 932 1710 1013 produceret
1751 930 1836 991 ad
1875 930 1933 991 V
1974 929 2127 991 dies.
2214 930 2357 991 Act.
2388 937 2553 1009 aput
2580 929 3215 1009 Ripammaranciam
3242 929 3309 989 in
3334 928 3531 989 domo

1065 1028 1270 1111 plebis
1309 1031 1526 1091 castri.
1609 1028 1908 1109 Copiolus
1962 1029 2245 1089 serviens
2294 1028 2585 1109 magistri
2628 1026 2871 1089 Ianelli.
2918 1026 3355 1087 Bonusaiutus
3394 1024 3531 1085 bai-

1069 1128 1238 1189 livua
1279 1126 1456 1189 Vult.
1501 1132 1584 1187 tt.
1669 1126 2137 1187 Bonusamicus
2178 1130 2315 1185 not.

1389 1223 1654 1285 morem
1681 1222 1838 1283 Asc.
1869 1219 2059 1297 (Vols.
2090 1242 2155 1283 a.
2188 1222 2333 1298 146)
2364 1222 2537 1299 Orio.

1075 1418 1214 1479 329.
2666 1414 3035 1489 Chiuedivw,
3068 1414 3149 1477 22
3180 1414 3325 1477 Mai
3350 1412 3535 1473 1215.

1191 1514 1506 1587 MCCXV,
1554 1513 1656 1576 XI
1697 1513 1828 1575 kal.
1871 1514 2026 1587 iun„
2072 1514 2204 1574 ind.
2240 1513 2365 1575 ΙΙΙ.
2452 1512 2951 1594 Paganellus
2977 1532 3079 1591 ep
3112 1511 3311 1583 Vult„
3338 1512 3536 1571 inter-

1073 1610 1482 1675 venientibus
1525 1611 1812 1673 Iohanne
1855 1610 2097 1672 abbate
2124 1631 2175 1671 s.
2208 1611 2481 1691 Galgani
2508 1616 2575 1673 et
2604 1610 2894 1672 Iohanne
2922 1610 3133 1671 iudice
3154 1608 3541 1669 viterbiensi

1077 1710 1302 1773 electis
1339 1730 1380 1769 a
1421 1729 1488 1769 se
1529 1716 1595 1769 et
1636 1708 1888 1770 Gianne
1918 1709 2149 1769 Cocchi
2176 1708 2258 1770 de
2286 1708 2595 1771 Viterbo¹
2608 1714 2627 1785 )
2672 1714 3001 1787 potestate
3032 1706 3199 1779 Sen„
3230 1705 3542 1785 promitto

1077 1825 1182 1867 me
1221 1806 1346 1867 tibi
1388 1806 1780 1867 Riocobaldo
1819 1804 1931 1885 qd.
1977 1804 2181 1866 Bruni
2220 1806 2571 1867 camerario
2598 1806 2889 1865 comunis
2918 1806 3061 1867 Sen.
3092 1804 3429 1865 annuatim
3456 1801 3545 1861 de

1075 1906 1452 1985 argentariis
1495 1906 1558 1965 in
1599 1904 1917 1966 Monterio
1959 1904 2321 1965 soluturum
2366 1905 2433 1964 in
2472 1903 2601 1965 kal.
2644 1902 2779 1965 dec.
2810 1902 3037 1965 CCXV
3066 1902 3176 1965 lib.
3204 1902 3349 1963 den.
3394 1900 3543 1961 Sen.

1079 2004 1226 2063 Act.
1269 2008 1456 2065 extra
1493 2008 1752 2081 portam
1793 2001 1874 2062 de
1916 2002 2201 2063 Cluslino
2241 2021 2439 2081 prope
2480 2000 2926 2063 carbonariam
2968 2000 3237 2062 castelli.
3320 1998 3545 2059 Arnol·

1081 2100 1249 2161 finus
1289 2099 1485 2161 iudex
1527 2100 1662 2161 ord.
1683 2102 1754 2174 ¹).

1410 2198 1566 2261 Vols.
1612 2198 1927 2259 AMum'c.
1976 2198 2181 2273 (Prov.
2210 2196 2363 2275 div.)
2408 2198 2563 2275 Cop.
2614 2216 2665 2258 e.
2716 2196 2927 2259 XIII.
2972 2198 3157 2259 Liber
3198 2198 3433 2257 {urium
3492 2194 3563 2255 8³

1403 2298 1504 2357 cit.
1549 2296 1664 2357 mit
1693 2296 1793 2357 XI
1823 2295 1953 2356 kal.
1984 2295 2091 2355 iul.
2120 2314 2243 2356 aus
2280 2296 2420 2357 dem
2460 2294 2813 2357 verlorenen
2841 2295 3015 2373 Oriq.
3044 2294 3151 2356 des
3179 2294 3415 2356 AVao.

1094 2492 1232 2553 330.
2812 2489 2990 2563 Pisa,
3020 2488 3555 2551 douoboe1215.

1211 2586 1648 2648 Lottarius
1704 2587 1983 2666 archiep.
2028 2587 2155 2648 Pis.
2216 2586 2571 2648 Iohanni
2624 2586 2719 2648 de
2774 2586 3091 2647 Coccho
3130 2588 3441 2665 potestati
3484 2596 3553 2649 et

1087 2683 1338 2746 civibus
1380 2684 1524 2745 Sen.
1599 2686 1696 2747 De
1739 2685 2053 2746 mandato
2093 2704 2261 2765 pape
2304 2684 2707 2759 mandamus,
2744 2692 3067 2763 quatenus
3102 2686 3559 2763 promissiones

1093 2780 1406 2862 (Pagano)
1453 2802 1492 2843 a
1531 2802 1630 2863 ep.
1674 2783 1852 2843 Vult.
1887 2786 1953 2843 vi
1989 2790 2299 2856 extortas,
2344 2784 2618 2861 scriptas
2662 2784 2727 2843 in
2770 2784 3201 2843 instrumento
3242 2782 3561 2845 Arnolfini

1089 2886 1224 2940 not.
1269 2886 1336 2940 et
1377 2880 1562 2941 nobis
1588 2900 1703 2959 per
1729 2881 2152 2942 Cerentonem
2182 2881 2485 2942 nuntium
2514 2880 2655 2942 Sen.
2690 2879 3011 2941 exhibitas
3056 2880 3225 2941 infra
3268 2880 3391 2941 XV
3416 2880 3561 2941 dies

1092 2978 1307 3037 irritas
1347 2977 1621 3051 faciatis,
1653 2981 1869 3039 omnia
1897 2979 2201 3051 reddatiS,
2236 2978 2499 3058 Pagano
2530 2978 2663 3039 MM
2690 2977 2797 3039 lib.
2828 2984 2897 3038 et
2926 2976 3180 3039 CXXX
3206 2978 3351 3039 den.
3382 2978 3561 3051 Sen„

1093 3092 1255 3153 quas
1297 3073 1728 3136 Riccobaldus
1769 3076 2155 3137 camerarius
2198 3076 2341 3137 Sen.
2388 3076 2715 3137 confessus
2758 3081 2858 3136 est
2898 3094 2965 3133 se
3008 3074 3092 3135 ab
3120 3094 3197 3135 eo
3224 3077 3555 3153 recepisse.

1095 3174 1452 3232 restituatis
1495 3172 1688 3232 salvis
1729 3172 2029 3251 dampnis
2070 3180 2139 3234 et
2178 3175 2491 3251 expensis,
2537 3192 2699 3252 quas
2739 3173 3030 3233 homines
3058 3174 3335 3251 episcopi
3374 3173 3557 3233 Vult.

1097 3272 1372 3349 perpessi
1417 3278 1587 3332 sunt.
1619 3270 1685 3331 Si
1712 3290 1843 3330 non
1885 3270 2182 3343 feceritis,
2216 3278 2505 3351 potestas
2534 3273 3197 3331 excommunicatione
3222 3278 3285 3331 et
3326 3272 3564 3331 civitas

1098 3368 1440 3428 interdicto
1483 3368 1774 3430 subiciat.
1861 3369 2007 3429 Act.
2052 3368 2215 3430 Pisis
2269 3370 2337 3431 in
2391 3389 2647 3431 camera
2690 3369 2965 3448 archiep.
3036 3368 3387 3432 MCCXVI.
3424 3368 3561 3427 ind.

1101 3462 1266 3525 VIII
1291 3466 1360 3539 ⁸),
1407 3464 1549 3525 IIII
1593 3485 1742 3525 non.
1787 3472 1913 3526 oct.
2000 3466 2303 3527 Silvester
2342 3466 2389 3527 f.
2432 3466 2543 3546 qd.
2590 3468 2753 3527 Boni
2796 3466 3061 3546 Hem-igi
3098 3468 3251 3544 imp.
3285 3472 3417 3525 not-

1222 3559 1404 3622 Idem
1447 3560 1708 3623 Senensi
1751 3564 2072 3641 episcopo.
2158 3564 2435 3625 Easdem
2490 3565 2739 3626 litteras
2780 3566 3117 3625 mittentes
3156 3562 3562 3629 mandamus,

1103 3666 1442 3736 quatenus,
1489 3662 1544 3721 si
1587 3660 1752 3721 infra
1795 3660 1919 3721 XV
1950 3662 2085 3721 dies
2116 3664 2333 3723 omnia
2360 3662 2713 3741 adimpleta
2739 3682 2869 3723 non
2904 3668 3136 3728 essent.
3168 3666 3563 3740 potestatem

1104 3763 1175 3818 et
1214 3759 1384 3817 cives
1427 3758 1570 3819 Sen.
1609 3762 2123 3821 excommunices
2165 3767 2232 3821 et
2274 3760 2481 3821 officia
2517 3760 2739 3823 divina
2782 3760 3151 3839 suspendas.
3198 3760 3563 3824 attendens,

1106 3854 1278 3934 quod
1303 3875 1449 3917 cum
1476 3858 1712 3918 nostris
1742 3857 2041 3918 omnibus
2071 3860 2136 3917 in
2166 3860 2341 3919 curia
2370 3860 2756 3925 audivimus.
2782 3859 2955 3938 quod
2980 3858 3242 3919 ecclesia
3266 3858 3567 3919 Romana

1253 4108 1294 4170 ¹)
1339 4096 1478 4159 Uber
1511 4109 1612 4159 ihn
1651 4108 1809 4159 Fron.
1849 4110 1909 4159 di
1954 4110 2163 4161 Viterbo
2200 4110 2271 4159 ad
2318 4112 2463 4161 12⁰2.
2510 4114 2829 4163 1218-1222.
2906 4112 2983 4161 Er
3032 4112 3173 4161 star-b
3212 4113 3393 4163 1219:
3436 4111 3570 4161 iiber

1111 4196 1228 4246 eine
1263 4196 1526 4246 ναῖον-οπο
1567 4198 1858 4247 Να”1ιηόὴι
1893 4214 1961 4247 zu
2005 4200 2139 4249 1215
2176 4200 2317 4247 siche
2344 4200 2405 4249 in
2434 4200 2564 4249 Doc.
2604 4208 2727 4251 otor.
2768 4200 2839 4251 It.
2888 4200 2950 4259 V,
2994 4200 3227 4251 XVIII.
3374 4198 3415 4257 ²)
3457 4198 3569 4246 Am

1113 4284 1350 4347 aleiohen
1385 4284 1532 4347 Taya
1571 4294 1766 4336 mmm
1807 4288 2004 4347 Paqan
2042 4288 2146 4336 den
2184 4288 2322 4337 einez
2354 4304 2458 4337 von
2492 4289 2786 4339 Ildebrand
2822 4290 3241 4353 vereprochenen
3278 4288 3415 4338 zeno
3462 4302 3571 4337 von

1113 4378 1216 4425 215
1243 4372 1432 4435 vamd
1465 4376 1562 4435 fiir
1599 4376 1862 4426 Montieri
1899 4378 2028 4437 aufe
2066 4392 2199 4426 neue
2240 4379 2585 4437 beschworen,
2624 4378 2691 4439 cf.
2732 4378 2906 4430 Sioua
2934 4379 3065 4428 Ast.
3093 4378 3207 4439 Res.
3238 4380 3374 4429 1215
3408 4376 3455 4427 V
3484 4380 3565 4427 15.

1115 4464 1202 4519 22.
1247 4476 1302 4512 n.
1337 4463 1457 4513 119.
1501 4466 1632 4519 120:
1667 4464 1865 4524 darauf
1903 4465 2179 4526 bezaylich
2216 4466 2355 4515 auch
2390 4466 2477 4515 die
2520 4466 2781 4517 Urkundo
2816 4469 2898 4517 im
2932 4468 3175 4529 dortiqen
3219 4464 3423 4529 C'aleffo
3457 4481 3571 4515 vec·

1113 4551 1232 4601 chio
1265 4550 1306 4612 Ι.
1347 4553 1464 4603 105.
1519 4552 1819 4615 Verqlciche
1854 4555 2033 4614 semer
2069 4555 2155 4603 die
2182 4554 2342 4605 Notis
2367 4556 2458 4605 der
2484 4556 2706 4606 Senessr
2736 4556 2996 4607 Annalsn
3032 4572 3102 4605 zu
3140 4558 3277 4607 1215
3316 4556 3421 4605 XV
3460 4554 3571 4605 kal.

1111 4638 1230 4689 iun.
1255 4638 1506 4689 MCCXV
1533 4640 1640 4690 sub
1666 4646 1947 4706 potestate
1976 4644 2140 4692 Ianni
2168 4643 2335 4693 Cochi
2364 4644 2433 4693 de
2461 4644 2713 4694 Viterbio
2738 4648 3007 4709 ceperunt
3028 4646 3298 4695 Senenses
3322 4646 3575 4695 castrum

1113 4727 1184 4777 de
1205 4728 1486 4778 Chiuslino
1505 4744 1632 4778 cum
1652 4730 1914 4794 episcopo
1936 4730 2186 4781 Volterre
2208 4731 2346 4791 (ΜΟ
2368 4733 2466 4784 S-S'.
2499 4732 2552 4780 Χ
2554 4732 2589 4781 Ι
2596 4732 2647 4780 Χ
2678 4736 2822 4797 227).
2920 4732 2962 4795 ⁸)
2994 4733 3257 4784 Vereehen
3282 4740 3405 4783 stau
3430 4732 3573 4781 1111.
