3817 5642
1034 504 1106 557 36
1683 504 2123 561 REGESTUM
2164 505 2849 561 VOLATERRANUM

1033 700 1486 763 Emendricus
1525 699 1572 761 f.
1618 699 1908 774 Bonitie;
1954 720 2097 779 pen.
2140 720 2273 779 arg.
2318 701 2433 761 eol.
2476 707 2873 762 sexcentum.
2958 700 3101 763 Act.
3139 701 3495 763 Voloterre.

1035 794 1424 859 Benedictus
1463 817 1562 877 ep.
1607 818 1689 857 ss.
1735 798 2187 860 Ermendricus
2228 798 2435 877 presb.
2492 818 2575 859 ss.
2606 796 2669 859 S.
2701 818 2785 859 m.
2816 798 3217 859 Tincheredi.
3262 798 3499 859 Petrus

1033 894 1227 957 iudex
1267 896 1398 973 inp.
1446 895 2077 957 tt.ss.11dibrando
2116 902 2197 957 tt.
2254 916 2337 957 ss.
2382 896 2446 957 S.
2498 916 2583 957 ma
2622 894 2889 958 Ghisolfi
2915 896 2961 957 1.
2992 896 3056 957 b.
3100 916 3186 957 m.
3230 896 3411 957 hiten
3444 898 3499 974 ι)

1035 989 1330 1071 Ghisolffi
1371 992 1506 1071 tt...]
1549 992 1614 1055 S.
1671 1012 1758 1053 m.
1812 992 2163 1053 Uuilleradi
2220 1012 2283 1073 q.
2336 992 2679 1054 Uuillelmo
2708 1012 2848 1053 voc.
2878 993 2925 1054 f.
2955 992 3019 1054 b.
3064 1012 3149 1053 m.
3194 992 3498 1053 Sichelmi

1035 1094 1116 1151 tt.
1201 1088 1572 1151 Gherardus
1615 1098 1750 1151 not.
1796 1092 1927 1169 inp.

1365 1185 1524 1248 Vou.
1569 1187 1808 1249 AVao.
1853 1207 1904 1250 ε.
1937 1186 2047 1247 XI
2084 1187 2211 1251 dec.
2240 1188 2373 1249 122.
2404 1188 2445 1249 3
2484 1186 2657 1265 Orio.
2703 1187 3069 1249 Indenea.
3094 1185 3285 1249 XIII
3312 1192 3501 1247 carta

1354 1284 1435 1345 de
1465 1285 1684 1363 platea
1721 1305 1848 1364 que
1889 1299 2078 1364 prato
2119 1291 2392 1347 vocatur
2432 1286 2609 1347 intus
2650 1285 2921 1345 civitate
2960 1283 3136 1347 Vult.

1037 1481 1135 1542 96.
3012 1482 3261 1551 Serena,
3304 1480 3497 1542 1004.

1157 1578 1480 1639 Get-ardus
1523 1596 1734 1639 comes
1761 1578 1806 1639 f.
1839 1576 2105 1639 Gerardi
2136 1580 2247 1657 qui
2276 1578 2405 1639 fuit
2432 1598 2645 1639 comes
2668 1580 2719 1655 ²)
2752 1585 2820 1639 et
2846 1578 3059 1640 Guilla
3084 1598 3247 1639 uxor
3275 1598 3499 1639 mona·-

1037 1675 1302 1737 sterium
1345 1694 1395 1733 s.
1441 1676 1639 1735 Μαι-ιο
1681 1676 1856 1735 intus
1897 1682 2184 1737 castrum
2224 1676 2321 1737 de
2376 1676 2683 1738 Serena.
2730 1676 3011 1737 fundant
3052 1683 3118 1736 et
3158 1676 3411 1738 dotant.

1367 1772 1524 1833 Volt.
1573 1772 1885 1833 AMum'c.
1932 1773 2143 1839 (Prov.
2186 1774 2311 1835 div.
2356 1794 2419 1836 n.
2466 1774 2565 1846 10,
2601 1773 2787 1847 1004)
2816 1772 2970 1851 Gop.
2999 1792 3051 1835 ε.
3081 1772 3288 1834 XIII.
3372 1773 3497 1834 Ed.

1361 1870 1678 1931 Maeuiani
1721 1870 1943 1947 Diseea
1982 1871 2153 1931 della
2196 1871 2607 1933 Gneo-ardesco
2636 1870 2715 1933 ΙΙ
2744 1872 2785 1931 9
2812 1876 2954 1946 (σω
2980 1870 3132 1933 Urk.
3163 1872 3255 1932 im
3281 1871 3501 1933 Haus-

1357 1968 1569 2031 ardn’v
1604 1969 1712 2030 der
1753 1968 2163 2031 Gherardoeoa
2208 1990 2287 2031 zu
2344 1969 2648 2046 Florem).
2702 1969 3018 2031 Marmor-i
3076 1970 3502 2047 Antiquitatae

1369 2066 1420 2127 V
1466 2067 1584 2127 745
1625 2065 1808 2141 (nach
1850 2067 2004 2145 Gop.
2046 2068 2151 2129 dee
2192 2068 2570 2146 Exemplum
2610 2070 2683 2129 in
2731 2067 2939 2131 Vola).

1040 2263 1138 2325 97-
2661 2263 2961 2336 Volterra,
3005 2264 3086 2325 18
3126 2264 3273 2325 Mai
3313 2262 3499 2323 1005.

1161 2359 1307 2431 MV,
1333 2359 1458 2421 XV
1480 2360 1607 2421 kal.
1633 2360 1812 2431 iunii,
1835 2360 1969 2421 ind.
1994 2362 2207 2421 tertie.
2283 2360 2790 2423 Benedictus
2819 2380 2921 2439 ep.
2944 2360 3158 2423 Volet.
3182 2359 3291 2421 lib.
3322 2378 3502 2419 nom.

1041 2458 1187 2521 dedi
1232 2458 1461 2518 Petrus
1505 2457 1712 2537 presb.
1742 2458 1790 2519 1.
1822 2457 2179 2537 Oriprande
2208 2477 2273 2538 q.
2302 2458 2513 2521 Oritia
2540 2478 2681 2519 voc.
2728 2460 2894 2519 med.
2924 2458 3007 2519 de
3034 2478 3181 2520 casa
3212 2476 3400 2519 mess.
3430 2458 3503 2518 in

1043 2555 1180 2617 loco
1223 2560 1289 2614 et
1330 2553 1579 2616 fundo
1563 2574 1630 2615 ιιι
1658 2554 1998 2617 Surscieno
2040 2574 2238 2635 prope
2280 2556 2553 2635 plebem,
2594 2558 2709 2635 qui
2750 2576 2801 2617 r.
2832 2556 2959 2617 fuit
2986 2574 3099 2634 per
3126 2554 3235 2634 qd.
3266 2554 3503 2615 Petrus

1043 2672 1230 2713 massi.
1274 2658 1344 2714 et
1385 2653 1574 2713 modo
1617 2670 1729 2731 per
1775 2659 1838 2713 te
1878 2653 2109 2713 Petrus
2150 2653 2381 2731 presb„
2430 2655 2755 2731 pertinens
2780 2652 2863 2713 de
2904 2658 3085 2713 curte
3124 2672 3173 2711 s.
3210 2652 3502 2732 Mengni,

1041 2757 1119 2812 ut
1145 2753 1212 2811 in
1239 2750 1386 2811 fest.
1431 2770 1479 2810 e.
1526 2752 1725 2811 Marie
1767 2752 1834 2811 in
1875 2757 2109 2831 agusto
2137 2754 2347 2814 solvas
2378 2752 2461 2812 ad
2498 2751 2979 2813 ministerialem
3006 2752 3075 2811 in
3094 2756 3274 2810 curte
3302 2756 3369 2811 et
3396 2768 3502 2811 ca-

1042 2848 1226 2909 stello
1269 2868 1317 2907 s,
1351 2848 1612 2929 Mengni
1643 2868 1818 2926 pens,
1864 2868 1997 2927 erg.
2041 2848 2173 2910 din.
2218 2848 2491 2911 duodeci
2536 2849 2599 2910 b.
2630 2868 2776 2927 exp.
2807 2849 3015 2928 qualis
3042 2868 3156 2928 per
3184 2855 3383 2926 temp.
3414 2867 3503 2919 o.;

1041 2946 1389 3009 decedente
1438 2953 1502 3007 te
1559 2966 1658 3008 res
1713 2947 2035 3018 Anselmo,
2079 2945 2430 3020 GrimaldO,
2477 2946 2843 3008 Rainbaldo
2884 2966 2989 3027 gg.
3044 2946 3090 3007 f.
3148 2945 3507 3007 Peturnille

1042 3044 1410 3117 deveniant3
1445 3064 1588 3123 pen.
1612 3064 1746 3125 erg.
1779 3044 1892 3106 sol.
1925 3044 2064 3105 LX.
2148 3044 2293 3104 Act.
2324 3042 2553 3105 Volow
2624 3044 3017 3105 Benedictus
3036 3064 3137 3121 ep.
3162 3063 3244 3104 es.
3270 3044 3511 3103 Petrus

1044 3141 1429 3220 archipresb.
1463 3146 1511 3220 ⁸)
1555 3162 1636 3202 se.
1683 3140 1744 3203 S.
1777 3162 1862 3201 m.
1896 3141 2251 3203 Ildibrandi
2280 3142 2393 3222 qui
2423 3142 2641 3203 Ilditio
2684 3162 2823 3203 voc.
2854 3140 2899 3203 f.
2933 3142 2993 3203 b.
3026 3160 3111 3201 m.
3146 3140 3505 3201 Ildibrandi

1045 3242 1158 3319 qui
1199 3239 1418 3301 Ilditio
1473 3260 1612 3301 voc.
1671 3246 1751 3300 tt.
1811 3240 2087 3302 Homitii
2128 3240 2174 3301 f.
2220 3240 2284 3301 b.
2337 3259 2423 3301 m.
2481 3240 2686 3302 Roitii
2744 3246 2822 3300 tt.
2882 3239 3131 3300 Fluritii
3185 3238 3231 3299 1.
3291 3238 3352 3299 b.
3412 3257 3503 3299 m.

1046 3338 1206 3399 Urso
1248 3343 1328 3397 tt..
1415 3336 1782 3398 Gherardus
1825 3344 1959 3399 not.
2004 3340 2135 3416 inp.

1375 3436 1532 3497 Volt.
1582 3435 1817 3497 AVeec.
1861 3455 1912 3496 ε.
1958 3435 2066 3495 XI
2105 3435 2229 3497 dec.
2273 3436 2312 3495 1
2356 3456 2418 3495 n.
2464 3436 2504 3496 5
2546 3435 2717 3513 Oriq.

1049 3632 1144 3691 98.
2649 3630 2948 3703 Volterra,
2992 3630 3072 3691 16
3109 3631 3160 3690 J
3160 3651 3277 3692 um
3319 3630 3501 3692 1005.

1167 3728 1312 3799 MV,
1359 3727 1961 3793 XVIka1.iu1.ind
2014 3728 2139 3788 III.
2227 3728 2731 3789 Benedictus
2772 3746 2873 3805 ep.
2918 3727 3129 3789 Volot.
3174 3728 3282 3790 liv.
3328 3746 3503 3789 nom.

1048 3824 1197 3885 dedi
1238 3825 1568 3887 Gherardo
1614 3833 1680 3886 et
1737 3826 2021 3907 Inghitio
2074 3846 2177 3907 gg.
2221 3826 2267 3887 1.
2312 3826 2515 3887 Albiti
2570 3845 2751 3887 casas
2803 3832 2874 3887 et
2926 3825 3130 3887 funda
3184 3828 3249 3885 in
3304 3826 3508 3887 Sexto

1048 3942 1247 4002 prope
1288 3921 1442 3983 villa
1481 3923 1562 3984 de
1603 3922 1846 3995 Floioli;
1893 3926 2166 4002 primam
2194 3944 2243 3985 r.
2273 3943 2388 4003 per
2430 3924 2559 3985 Leo
2595 3930 2666 3985 et
2708 3923 2901 3985 modo
2928 3939 3040 4003 per
3066 3922 3252 3995 Urso,
3282 3942 3507 3983 secun-

1049 4020 1200 4081 dam
1245 4040 1294 4079 r.
1339 4039 1452 4099 per
1497 4020 1846 4082 Benedicto
1887 4029 1956 4083 et
1998 4022 2189 4082 modo
2218 4042 2331 4101 per
2360 4022 2701 4093 Iohannes,
2733 4022 2996 4083 tertiam
3022 4040 3171 4081 cum
3200 4020 3503 4094 casalmO,

1051 4139 1100 4179 r.
1145 4138 1262 4198 per
1302 4118 1410 4197 qd.
1454 4118 1714 4180 Andrea
1755 4127 1823 4180 et
1863 4119 2055 4181 modo
2099 4139 2210 4198 per
2252 4120 2493 4181 Albitio
2537 4120 2825 4199 genitore
2865 4126 3100 4191 vestm,
3128 4126 3206 4179 ut
3248 4121 3313 4179 in
3352 4118 3504 4180 fest.

1051 4238 1100 4277 ι.
1131 4218 1330 4278 Marie
1359 4217 1426 4277 in
1446 4224 1678 4296 agusto
1707 4237 1996 4280 annuum
2024 4237 2283 4279 censum
2306 4216 2635 4279 redadatis
2670 4237 2802 4299 arg.
2831 4218 2980 4279 den.
3025 4217 3088 4279 b.
3112 4236 3255 4295 exp.
3294 4216 3511 4295 qualis

1051 4334 1164 4394 per
1206 4321 1405 4394 temp.
1437 4335 1495 4375 0.
1519 4334 1786 4376 numero
1809 4316 1921 4377 sol.
1949 4324 2097 4388 tres;
2128 4336 2274 4395 pen.
2304 4336 2439 4397 arg.
2470 4316 2585 4376 sol.
2622 4314 2689 4377 C.
2772 4316 2919 4375 Act.
2950 4314 3299 4376 Voloterre.
3386 4312 3505 4375 Be-

1199 4542 1240 4605 ¹)
1279 4561 1349 4588 ..—..
1387 4542 1538 4591 item.
1688 4542 1730 4604 ¹³)
1781 4542 2015 4591 Gerhard
2049 4540 2135 4599 II,
2184 4541 2333 4591 Sohn
2384 4541 2645 4591 Ger-harde
2681 4542 2716 4590 I
2752 4542 2868 4591 und
2912 4539 3127 4590 Bmder
3170 4554 3272 4589 von
3306 4538 3513 4598 Rodull

1055 4630 1131 4697 (n.
1168 4631 1250 4681 82.
1292 4633 1400 4693 84.)
1438 4629 1554 4679 und
1593 4628 1820 4681 Teudici
1857 4631 1933 4695 (n.
1975 4634 2057 4681 93.
2099 4632 2245 4696 113),
2280 4646 2384 4679 am
2420 4630 2540 4681 dem
2576 4630 2763 4681 Eme
2801 4630 3168 4681 Gherardeoca.
3316 4630 3359 4694 ³)
3398 4630 3517 4679 Der

1055 4718 1388 4782 Empfdnaer
1424 4718 1516 4767 des
1553 4718 1774 4776 Libone,
1813 4720 1903 4769 der
1939 4719 2119 4770 vor-her
2156 4734 2264 4769 nur
2296 4720 2479 4783 presb.
2517 4718 2695 4769 hoissi.
