3817 5642
1082 575 1183 628 188
1724 575 2168 629 REGESTUM
2207 573 2894 630 VOLATERRANUM

1075 773 1213 830 544.
2547 771 2837 841 votam,
2879 771 2920 832 5
2959 770 3306 850 &umber
3345 771 3522 832 1236.

1196 871 1491 932 Potestas
1535 870 1749 933 Vult.
1796 872 2138 932 constituit
2183 871 2460 932 sindicoe
2504 870 2588 932 ad
2629 869 3033 932 observanda
3075 877 3380 950 precepta
3417 891 3516 949 po·

1078 968 1339 1028 testatis
1382 967 1547 1028 Flor

1392 1064 1658 1126 Plorenz
1698 1066 1853 1126 Asc.
1900 1065 2087 1142 (Vols.
2133 1087 2194 1126 n.
2243 1067 2386 1144 413)
2431 1067 2604 1144 Oriy.
2687 1067 2809 1129 Ed.
2853 1067 3115 1129 Santim'
3155 1067 3306 1128 Doc.
3351 1067 3486 1128 430.

1075 1299 1212 1358 545.
2567 1299 2833 1378 Pietoja,
2877 1299 2918 1360 6
2957 1299 3306 1376 September
3347 1298 3524 1360 1236.

1194 1395 1591 1458 Guilichinus
1634 1403 2013 1474 procurator
2057 1395 2408 1472 (Pagani)
2454 1415 2550 1476 ep.
2597 1396 2774 1457 Vult.
2821 1416 3038 1458 coram
3069 1398 3378 1475 magistro
3409 1397 3524 1457 Ba-

1076 1514 1225 1555 rone
1270 1495 1473 1572 priore
1516 1513 1563 1552 s,
1610 1493 1920 1554 Iohannis
1948 1497 2018 1554 et
2046 1491 2284 1554 Iacobo
2323 1511 2463 1554 can.
2509 1493 2742 1555 Pistor.
2787 1490 3222 1574 subdelegatis
3263 1493 3528 1555 Octonis

1074 1613 1123 1652 s.
1170 1591 1419 1653 Nicolai
1460 1593 1527 1652 in
1566 1591 1829 1653 carcere
1873 1589 2164 1652 Tulliano
2205 1591 2366 1652 diac.
2411 1591 2580 1652 card.
2627 1613 2820 1671 super
2861 1595 3223 1671 receptione
3265 1594 3528 1654 testium

1075 1689 1629 1769 producendorum
1672 1707 1889 1750 coram
1931 1691 2023 1750 eis
2065 1696 2132 1750 et
2191 1689 2498 1766 M(eliore)
2555 1690 2944 1771 archipresb.
3005 1692 3232 1752 Pistor.
3291 1691 3530 1768 collega

1072 1807 1293 1850 eorum
1338 1789 1403 1848 in
1444 1807 1658 1855 causa,
1704 1807 1828 1867 que
1888 1788 2163 1848 vertitur
2203 1789 2374 1848 inter
2413 1809 2514 1867 ep.
2559 1796 2626 1849 et
2669 1809 2942 1851 comune
2987 1788 3188 1861 Vult.,
3237 1797 3528 1868 presente

1074 1885 1470 1948 Bontalento
1522 1885 1767 1946 sindico
1821 1885 2112 1946 comunis
2153 1885 2329 1946 Vult.
2389 1888 2789 1948 renuntiavit
2843 1887 3228 1966 depositioni
3271 1887 3526 1949 Carma-

1073 1983 1248 2062 gnini
1291 1983 1398 2061 qd.
1444 1983 1751 2045 Iohannis
1794 1981 2179 2064 Romagnoli
2219 1983 2302 2046 de
2343 1984 2585 2047 Sancto
2627 1985 3009 2048 Geminiano
3033 1989 3098 2063 ¹),
3135 1986 3353 2047 dicens
3379 2005 3527 2047 eum

1074 2101 1210 2142 esse
1254 2079 1632 2142 familiarem
1678 2081 1975 2158 (Pagani)
2019 2099 2117 2158 ep.
2203 2083 2348 2142 Act.
2396 2083 2653 2145 Pistorii
2697 2085 2762 2144 in
2805 2083 3084 2144 claustro
3119 2103 3170 2145 e.
3203 2083 3524 2146 Iohannis.

1074 2197 1235 2256 pree.
1281 2179 1529 2240 Sclaote
1570 2177 1877 2240 Clarodie.
1925 2178 2150 2238 Acursi
2196 2179 2634 2241 Paesavantis.
2721 2179 3208 2255 Mocxxxvl,
3265 2181 3398 2242 ind.
3441 2179 3526 2253 X,

1074 2274 1237 2337 VIII
1284 2275 1367 2335 id.
1412 2281 1576 2354 sept.
1663 2275 2080 2336 Braciafortis
2123 2293 2170 2335 s.
2219 2275 2340 2354 pal.
2387 2283 2519 2338 not.

1395 2367 1652 2430 Florenz
1700 2367 1847 2429 Ast.
1894 2367 2084 2444 (Volt.
2129 2387 2192 2427 n.
2238 2368 2382 2446 415)
2426 2371 2599 2448 Θήρ.

1076 2601 1213 2662 546.
2167 2601 2391 2662 Οαεοῑε
2443 2601 2562 2664 Val
2599 2603 2838 2670 d'E'lea
2881 2602 2922 2663 9
2959 2603 3310 2681 September
3349 2603 3526 2664 1236.

1194 2697 1681 2770 MCCXXXVI,
1723 2699 1855 2762 ind.
1902 2699 1987 2772 X,
2033 2697 2090 2760 V
2131 2699 2217 2760 id.
2261 2707 2425 2779 sept.
2511 2701 2964 2782 P(aganus)
3023 2721 3125 2780 ep.
3183 2700 3384 2772 Vult„
3429 2703 3532 2762 cui

1076 2797 1173 2856 ius
1214 2805 1467 2876 spectat
1508 2797 1589 2859 de
1630 2797 1988 2860 rectoribus
2029 2805 2096 2858 et
2139 2799 2506 2878 potestariis
2561 2799 2876 2878 ponendis
2927 2801 2996 2860 in
3051 2799 3236 2860 terris
3291 2803 3528 2877 epieco-

1074 2899 1268 2972 patus
1311 2895 1509 2968 Vult„
1554 2903 1629 2956 ut
1670 2903 1851 2974 patet
1898 2897 1966 2956 in
2009 2897 2352 2976 privilegiis
2393 2899 2450 2958 ei
2493 2899 2806 2960 concessis
2845 2917 2888 2958 a
2927 2917 3100 2977 papa
3151 2903 3218 2958 et
3259 2899 3529 2976 impera-

1075 2996 1236 3060 tore,
1276 2990 1467 3070 elegit
1510 3013 1627 3072 pro
1670 3001 1996 3072 potestate
2037 3001 2106 3055 et
2147 3003 2394 3056 rectore
2433 2997 2725 3056 comunis
2777 2997 3021 3058 Montis
3059 2996 3342 3058 Vultraii
3385 2996 3530 3057 inde

1074 3111 1114 3150 a
1153 3093 1361 3169 primo
1402 3092 1505 3152 die
1547 3111 1693 3154 nov.
1740 3091 2222 3172 Nappoleonem
2265 3093 2474 3156 civem
2517 3091 2680 3156 Flor.
2767 3095 2910 3155 Act.
2955 3097 3024 3156 in
3077 3093 3273 3156 domo
3327 3093 3530 3173 plebia

1075 3189 1154 3248 de
1172 3189 1429 3251 CasuliS.
1496 3186 1845 3252 Gualfredo
1864 3199 1932 3250 et
1963 3190 2200 3252 Iacobo
2227 3191 2306 3251 de
2339 3195 2555 3254 Monte
2578 3191 2872 3253 Vult-taio
2897 3199 2966 3252 et
2993 3189 3258 3254 Michele
3288 3199 3530 3254 rectore

1074 3288 1297 3366 populi
1338 3289 1580 3350 Montis
1623 3288 1893 3352 Vultraii
1927 3295 2006 3350 tt.
2095 3286 2470 3351 Bonfiliolus
2499 3289 2603 3368 qd.
2635 3289 2992 3352 Trinchetti
3019 3289 3101 3352 de
3127 3289 3352 3351 Monte
3380 3287 3528 3351 Vul-

1076 3385 1241 3446 traio
1282 3392 1414 3447 not.

1393 3484 1653 3547 Florenz
1696 3486 1849 3546 Ast.
1898 3487 2059 3562 (San
2102 3487 2506 3564 Gimiqnano)
2550 3485 2721 3564 Oriq.
2821 3485 2940 3547 Ed.
2997 3485 3220 3547 Ficker
3266 3483 3368 3546 IV
3408 3485 3526 3547 382

1395 3603 1458 3644 n.
1502 3583 1643 3644 356.
1689 3582 1839 3660 Req.
1886 3581 2195 3644 B.-F.-W.
2242 3583 2458 3644 13214.

1076 3778 1213 3838 547.
2517 3723 2799 3850 Florenz‘,
2842 3778 2924 3838 10
2961 3777 3310 3856 September
3349 3777 3524 3839 1236.

1197 3876 1648 3938 Procuratores
1689 3877 1745 3938 V
1764 3873 1903 3936 ult.
1950 3883 2018 3936 et
2061 3877 2102 3936 S
2119 3898 2160 3937 a
2175 3897 2215 3937 n
2231 3897 2264 3936 c
2283 3879 2345 3938 ti
2393 3879 2448 3938 G
2463 3897 2497 3937 e
2513 3877 2614 3936 mi
2633 3877 2856 3938 niani
2885 3876 3430 3956 compromittunt
3463 3876 3522 3934 in

1076 3980 1467 4052 potestatem
1510 3975 1674 4036 Flor.

1394 4071 1658 4134 Florenz
1704 4071 1856 4133 Ast.
1904 4073 2092 4149 (Vola.
2135 4093 2198 4133 n.
2245 4071 2386 4150 418)
2433 4073 2604 4151 Oriq.
2690 4071 2809 4132 Ed.
2853 4071 3114 4134 Sontini
3152 4071 3304 4132 Doo.
3349 4071 3482 4132 430.

1079 4297 1215 4356 548.
2519 4293 2794 4360 Florem.
2840 4294 2920 4356 12
2959 4292 3312 4370 September
3351 4291 3520 4355 1236.

1194 4391 1541 4454 Consilium
1584 4392 1747 4454 Flor.
1794 4395 2030 4453 statuit
2072 4393 2350 4473 quedam
2393 4392 2474 4452 de
2515 4410 2674 4470 pace
2714 4391 3015 4453 facienda
3039 4391 3208 4451 inter
3233 4391 3526 4452 comunia

1076 4488 1293 4552 Vult.
1340 4497 1405 4550 et
1446 4489 1735 4552 Sancti
1776 4490 2264 4552 Geminiani.

1395 4589 1655 4650 Florenz
1699 4589 1849 4650 Ast.
1898 4588 2087 4665 (Volt.
2133 4609 2196 4648 n.
2242 4587 2386 4667 419)
2431 4589 2603 4666 Oriq.
2689 4587 2808 4649 Ed.
2853 4587 3113 4648 Sontini
3155 4587 3308 4648 Doc.
3355 4586 3480 4647 431.

1224 4795 1263 4858 ¹)
1306 4785 1446 4846 Uber
1482 4796 1581 4846 {aa
1614 4795 1844 4846 sanum·
1876 4796 2008 4848 Doo.
2050 4799 2169 4847 302.
2209 4799 2330 4846 340.
2371 4799 2490 4848 342.
