3817 5642
899 554 1343 609 REGESTUM
1379 554 1765 609 VOLATER
1775 556 1823 607 R
1833 556 2071 611 ANUM
2569 550 2710 607 267

251 754 538 815 Pistorio
579 759 657 813 tt.
743 752 1123 825 MCCLXX,
1166 752 1300 813 ind.
1346 750 1540 821 XIII,
1587 752 1654 813 II
1713 754 1839 813 iun.
1940 750 2253 830 Spinellus
2311 750 2720 812 Guardaville

251 852 336 911 de
383 851 560 912 Vult.
605 850 799 911 iudex
841 852 977 911 ord.
1022 856 1109 909 et.
1153 856 1288 911 not.

581 948 845 1009 florem
889 947 1039 1009 Ast.
1087 947 1276 1021 (Vult.
1321 948 1483 1009 1270
1529 948 1616 1009 VI
1670 948 1728 1019 6,
1771 968 1832 1007 n.
1877 948 2021 1023 911)
2066 948 2237 1024 Θήρ.

255 1144 403 1204 798.
1347 1142 1698 1202 Mum'stero
1739 1143 1834 1202 bei
1877 1142 2073 1202 Siena
2102 1143 2167 1217 ¹),
2210 1140 2291 1201 28
2328 1138 2497 1201 ani
2538 1142 2719 1203 1270.

386 1240 656 1301 Guido
695 1260 908 1302 comes
971 1239 1573 1310 Montisfortis‚
1620 1241 1830 1319 regius
1857 1241 1922 1301 in
1952 1240 2177 1300 Tuscie
2220 1241 2495 1301 vicarius
2538 1258 2723 1317 gene·

254 1339 432 1411 ralis,
449 1338 636 1399 Lixio
651 1338 886 1399 Stuldi.
977 1338 1358 1399 Mandamus
1380 1339 1716 1416 potestati,
1739 1338 2021 1407 con-ilic,
2046 1342 2302 1399 comuni
2324 1339 2525 1409 Vult„
2549 1338 2725 1416 quod

255 1436 386 1497 tibi
427 1442 764 1516 tamquam
813 1437 1212 1513 procuratori
1267 1442 1488 1497 nostro
1544 1435 1868 1495 residuum
1922 1435 2389 1513 stipendiorum
2445 1436 2723 1497 militum

257 1534 442 1594 tallie
483 1532 553 1593 II
594 1534 1046 1611 preteritorum
1089 1532 1404 1591 mensium
1447 1538 1514 1591 et
1553 1552 1788 1609 pagam
1829 1551 1948 1609 pro
1988 1533 2163 1591 iunio
2206 1539 2275 1593 et
2308 1532 2462 1593 iulio
2489 1532 2723 1611 persol-

257 1636 448 1691 vant.
493 1630 790 1701 Studeas,
837 1629 1014 1707 quod
1054 1634 1380 1690 monetam
1427 1629 1713 1689 celeriter
1753 1629 2145 1693 habeamus:
2202 1631 2256 1689 si
2310 1632 2379 1691 in
2418 1630 2725 1691 solvendo

255 1734 474 1789 essent
519 1728 782 1799 remissi,
826 1747 942 1805 per
981 1726 1382 1787 cavalcatam
1426 1734 1491 1785 ct
1526 1726 1758 1803 predas
1787 1726 2115 1805 procedas.
2146 1728 2459 1789 Volumus
2488 1734 2554 1786 te
2580 1748 2723 1805 pro-

257 1832 630 1887 curatorem
673 1828 756 1887 ad
785 1826 1219 1902 recipiendum
1264 1844 1502 1903 pagam
1545 1826 1822 1885 militum
1865 1825 2045 1885 tallie
2073 1848 2111 1887 a
2140 1826 2521 1887 comunibus
2555 1827 2725 1888 Colle

260 1932 324 1983 et
371 1924 616 1985 Sancto
657 1922 1058 1987 GeminianO.
1119 1921 1353 1999 quibus
1411 1922 1746 1982 scribimus
1800 1942 1989 2001 super
2046 1923 2185 1984 hoc.
2291 1924 2445 1985 Dat.
2505 1925 2570 1983 in
2624 1944 2725 1983 ca-

259 2024 414 2083 stris
444 2021 623 2100 aputl
662 2020 1124 2081 Monasterium
1173 2021 1237 2079 in
1278 2020 1778 2099 depopulatione
1822 2019 2153 2081 Senarum.
2240 2021 2541 2082 XXVIII
2572 2024 2725 2093 iun„

259 2118 439 2181 XIII
483 2119 614 2177 ind.

589 2217 1010 2293 Trameumpt
1053 2218 1120 2275 in
1162 2236 1222 2275 n.
1272 2215 1389 2275 799
1434 2216 1730 2293 (sigillato
1792 2224 1979 2277 erant
2040 2217 2247 2297 sigillo
2306 2236 2443 2277 cere
2508 2216 2726 2277 viridis

589 2315 883 2387 rotunde,
914 2316 981 2373 in
1015 2332 1142 2393 quo
1183 2318 1324 2373 erat
1365 2315 1580 2393 imago
1621 2315 1955 2375 cuiusdam
2000 2316 2220 2375 militis
2261 2316 2495 2375 armati
2536 2334 2728 2393 super

591 2432 758 2491 equo
800 2417 1082 2491 coperto‚
1128 2413 1410 2471 tenentis
1453 2432 1668 2473 ensem
1713 2412 1960 2473 nudum
2004 2415 2073 2473 in
2115 2414 2387 2486 destera,
2418 2432 2727 2490 crypeum

590 2512 658 2570 in
699 2511 976 2582 sinisti-223
1021 2511 1087 2569 in
1130 2528 1368 2587 crypeo
1397 2516 1464 2569 et
1493 2512 1770 2570 covertis
1799 2522 1983 2569 erant
2011 2511 2242 2583 leones,
2267 2514 2333 2569 et
2362 2516 2503 2571 erat
2530 2511 2729 2571 ctiam

595 2610 663 2667 in
688 2608 892 2685 sigillo
936 2608 1200 2685 clypeus
1241 2626 1386 2666 cum
1431 2607 1730 2686 giglept-is
1771 2613 1838 2666 et
1867 2608 1935 2667 in
1955 2613 2163 2667 starra
2190 2609 2500 2685 superius.
2532 2613 2599 2667 et.
2628 2609 2727 2669 lit-

595 2713 723 2766 tere
747 2706 1044 2786 leguntur
1065 2707 1174 2765 sic:
1206 2722 1236 2763 α
1257 2704 1548 2782 Sigillum
1571 2704 1882 2765 Guidonis
1914 2706 2167 2765 comitis
2194 2704 2623 2765 Montisfortis
2644 2711 2717 2783 ὴ).

263 2900 408 2962 799.
1257 2932 1266 2941 -
1896 2898 2193 2972 Volterra‚
2240 2900 2319 2959 10
2358 2900 2510 2959 Juli
2549 2900 2725 2961 1270.

389 2996 638 3057 Littere
679 2996 994 3057 Guidonis
1036 2997 1289 3057 comitis
1331 2996 1777 3065 Montisfortis,
1812 2998 1880 3055 in
1907 2994 2139 3055 Tuscia
2182 2998 2337 3077 regii
2380 2997 2600 3057 vicarii
2628 3017 2731 3077 ge-

261 3096 502 3157 neralis
527 3094 596 3170 ²),
640 3100 1074 3173 representate
1115 3094 1377 3153 fuerunt
1419 3094 1600 3155 Cerio
1653 3094 1847 3155 iudici
1889 3101 1957 3153 et
2006 3097 2305 3155 assessori
2366 3096 2733 3155 comunis

261 3194 490 3255 Vult.
534 3198 602 3253 et
642 3212 812 3253 nunc
854 3192 1106 3252 For-esis
1147 3192 1492 3269 potestatis
1533 3194 1774 3251 vicario
1816 3193 1883 3253 in
1924 3193 2191 3253 consilio
2218 3194 2496 3271 generali
2524 3200 2592 3255 et
2620 3214 2731 3253 an-

263 3293 604 3353 zianorum
646 3310 686 3351 a
724 3290 913 3351 Lixio
952 3288 1254 3351 familiari
1297 3296 1362 3349 et
1403 3295 1818 3367 procuratore
1861 3292 2083 3350 vicarii
2132 3292 2303 3369 regii.
2392 3290 2735 3352 Baschiera

260 3388 542 3449 Alberti.
587 3386 897 3447 Michaele
939 3386 1134 3447 Guidi
1164 3386 1413 3447 medici.
1443 3386 1676 3447 Forese
1707 3394 1841 3447 not.
1875 3388 1955 3447 de
1986 3388 2149 3447 Flor.
2193 3394 2269 3448 tt.
2354 3388 2731 3461 MCCLXX,

261 3485 404 3547 ind.
453 3483 653 3557 XIII,
697 3484 808 3543 iul.
841 3483 926 3544 X.
1013 3482 1330 3562 Spinellus
1359 3482 1771 3545 Guardaville
1799 3484 1878 3544 de
1909 3485 2085 3545 Vult.
2120 3486 2312 3545 iudex
2341 3486 2477 3547 ord.
2502 3491 2571 3546 ct
2597 3491 2731 3546 not.

591 3582 854 3642 Florem
898 3581 1051 3641 Ast.
1100 3580 1285 3656 (Volt.
1333 3602 1392 3640 n.
1438 3581 1582 3657 912)
1626 3582 1796 3658 Oriq.

265 3780 410 3838 800.
1178 3774 1562 3852 Castiqlione
1605 3778 1882 3849 AretinO,
1928 3777 2010 3837 10
2051 3780 2184 3839 und
2223 3779 2301 3838 11
2344 3780 2513 3839 Jum·
2553 3779 2731 3841 1271.

391 3874 808 3945 MCCLXX1‚
856 3872 1063 3933 XIIII
1111 3871 1260 3945 ind,
1295 3881 1569 3935 vacante
1598 3876 1884 3952 imperio,
1918 3876 2028 3934 X
2012 3896 2141 3936 1un.
2229 3876 2570 3937 Barzettus
2600 3884 2731 3937 not.

265 3976 352 4034 dc
371 3973 549 4034 Vult.
581 3974 862 4032 sindicus
904 3972 1193 4031 comunis
1230 3922 1407 4031 Vult.
1438 3991 1504 4030 se
1532 3975 1999 4050 representavit
2030 3994 2247 4035 coram
2276 3974 2658 4035 Guilielmo'
2643 3994 2732 4034 iu-

263 4072 414 4133 dice
457 4071 735 4131 Enrici
779 4068 1342 4130 Valdimontis
1385 4071 1637 4130 comitis
1670 4070 1752 4129 de
1782 4072 2022 4131 Ariana
2064 4074 2283 4133 vicarii
2328 4074 2393 4131 in
2434 4072 2727 4150 Tuscia⁸)

423 4319 468 4386 ¹)
490 4320 811 4371 Damneohn
835 4320 1222 4382 Forschunqen
1243 4321 1314 4369 ΙΙ
1357 4322 1460 4369 168
1497 4335 1550 4369 n.
1581 4322 1719 4369 1173
1743 4322 1896 4369 sucht
1921 4322 2024 4369 den
2050 4322 2143 4370 Ort
2178 4321 2255 4371 im
2281 4321 2640 4379 Umbronem&
2678 4338 2735 4373 οε

264 4412 344 4460 iot
380 4410 526 4469 abor,
562 4410 662 4459 wie
697 4408 924 4459 Andron
959 4409 1069 4459 Dei
1105 4409 1178 4458 ad
1215 4412 1283 4459 12
1293 4410 1355 4458 70
1382 4409 1595 4470 erqiebt,
1621 4408 1678 4457 S.
1705 4409 1972 4471 EuqeniO,
2001 4409 2323 4471 qewdlmlu'oh
2352 4414 2367 4437 ‘
2388 4410 2694 4460 Munistero
2717 4409 2729 4430 ’

264 4504 532 4563 gemant,
567 4498 708 4547 nahe
745 4498 832 4549 bei
865 4498 1040 4548 Sinna
1071 4496 1293 4559 jen-scits
1329 4498 1423 4547 der
1447 4498 1658 4547 Treua.
1742 4498 2045 4560 Veryleiche
2080 4498 2180 4558 fiir
2212 4498 2300 4547 die
2323 4499 2733 4561 Zeitqeachichtc

267 4588 686 4651 Koma-Bauer»
720 4586 790 4637 ΙΙ
829 4589 882 4647 3,
921 4588 1166 4637 llo-113.
1315 4588 1358 4651 “·“)
1395 4588 1682 4643 Inscriert:
1719 4587 1862 4637 siche
1900 4587 2092 4650 Reqest
2127 4602 2181 4637 n.
2228 4589 2342 4637 793.
2508 4588 2553 4653 ³)
2598 4578 2737 4639 Uber

264 4680 461 4729 diesen
513 4677 840 4740 Naohsolqcr
880 4678 971 4727 dec
1005 4677 1178 4727 Guido
1216 4692 1320 4725 von
1357 4677 1624 4737 Montsorc
1661 4678 1746 4725 als
1784 4676 2167 4728 Generalvikar
2200 4678 2372 4727 Karls
2408 4694 2511 4728 von
2548 4678 2736 4739 Anjou

267 4770 338 4816 in
382 4766 653 4825 Toccana,
698 4766 789 4815 der
820 4768 938 4815 sein
975 4767 1105 4815 Amt
1147 4766 1226 4815 im
1273 4768 1429 4815 Mr’irz
1464 4774 1769 4827 anqetreten
1805 4768 1945 4815 hatte
1988 4796 2052 4803 —-
2080 4769 2173 4817 der
2208 4767 2439 4817 Wecheel
2463 4784 2575 4817 war
2596 4768 2740 4828 jahr-
