3817 5642
1017 564 1090 619 92
1663 566 2111 621 REGESTUM
2148 564 2833 621 VOLATERRANUM

1017 760 1381 841 exemplum
1427 760 1702 823 Pascasii
1733 764 1799 837 ¹),
1833 758 2153 836 Gelssii²)‚
2198 760 2468 821 Adriani
2492 762 2561 837 ⁸),
2590 757 2939 821 Alexandri
2958 762 3029 835 ⁴),
3056 758 3323 837 Lucii¹).
3356 760 3479 820 Ur-

1017 856 1254 933 bani⁵)‚
1299 856 1645 919 Clementis
1667 858 1736 935 ⁶),
1767 856 2066 919 Celestini
2090 859 2135 933 τ)
2168 856 2421 936 plebem
2449 877 2595 918 cum
2626 856 2875 937 plebeio
2898 856 3022 918 sub
3050 876 3097 917 s.
3130 856 3310 918 Petri
3332 876 3478 937 pro-

1017 957 1296 1017 tectione
1335 956 1604 1035 suscipit
1631 963 1699 1016 et
1729 956 2104 1017 communit.
2189 978 2216 1015 «ι
2240 954 2555 1028 Quotiens
2584 974 2624 1015 a
2652 954 2833 1015 nobis
2861 976 2904 1013 t.
2988 954 3138 1015 Dat.
3172 954 3479 1015 Laterani

1015 1073 1128 1131 per
1168 1074 1250 1115 m.
1295 1052 1604 1115 Iohannis
1645 1055 1703 1115 S.
1751 1054 1828 1113 R.
1875 1054 1947 1113 E.
1994 1052 2277 1115 subdiac.
2324 1062 2389 1113 et
2426 1064 2557 1116 not.
2590 1052 2785 1113 XVII
2818 1050 2939 1113 kal.
2974 1049 3103 1125 iul„
3150 1052 3273 1113 ind.
3322 1050 3477 1125 VII,

1013 1150 1288 1212 MCCIII
1294 1151 1349 1223 Ι,
1392 1155 1568 1229 pont.
1612 1151 1760 1211 VII.

1335 1247 1598 1309 Florem
1619 1248 1770 1309 Ast.
1807 1246 2022 1324 (Colle)
2052 1248 2221 1325 Oriq.
2258 1248 2465 1324 (Bulla
2492 1246 2805 1322 wloren).
2876 1246 3043 1307 Colle
3066 1246 3305 1308 AVao.
3339 1246 3479 1306 Am·

1333 1344 1864 1423 dell’Arcipretato
1902 1347 1949 1422 Ι.
1994 1346 2074 1407 25
2117 1343 2267 1433 Gop.
2312 1365 2361 1405 ε.
2408 1344 2679 1405 XVIII.

1009 1522 1146 1584 266.
2622 1523 2912 1595 Volcei-ra,
2956 1522 3039 1583 16
3076 1522 3245 1583 Juni
3286 1522 3476 1585 1204.

1133 1620 1466 1691 MCCIIII,
1511 1619 1636 1681 ind.
1669 1619 1818 1693 VII,
1851 1620 2007 1681 XVI
2052 1620 2176 1681 kal.
2224 1617 2329 1683 iul.
2414 1618 2703 1681 villanus
2742 1620 2824 1680 de
2864 1618 3083 1679 Silano
3122 1620 3260 1679 iuro
3288 1619 3473 1680 Vul-

1011 1724 1394 1779 terranos
1437 1714 1703 1789 salvare,
1734 1720 1822 1777 eis
1855 1719 2167 1779 rationem
2198 1716 2405 1779 facere
2436 1738 2547 1778 nec
2578 1720 2874 1797 passagia
2916 1716 3180 1789 auferre,
3210 1724 3473 1779 excetto

1009 1817 1228 1877 comiti
1273 1814 1758 1884 Aldobrandini‚
1803 1816 1917 1894 qui
1942 1814 2023 1877 de
2052 1835 2127 1876 oc
2163 1822 2567 1877 sacramento
2595 1836 2697 1877 me
2723 1823 3009 1876 exstrare
3036 1835 3167 1877 non
3192 1834 3468 1895 possem.

1009 1915 1148 1974 Act.
1177 1914 1348 1975 Vult.
1380 1916 1446 1975 in
1475 1914 1621 1975 eccl.
1667 1934 1712 1975 s.
1744 1914 1961 1974 Mai-ie.
2050 1913 2309 1975 Ranieri
2340 1914 2380 1975 f.
2416 1912 2800 1975 Dirindonis..
2833 1914 3183 1993 Luteringo
3208 1913 3314 1992 qd.
3354 1914 3469 1975 So·

1007 2010 1183 2071 richi.
1229 2012 1677 2073 Guslterottus
1718 2010 1822 2088 qd.
1868 2010 2105 2072 Maffei.
2150 2010 2537 2073 Istefanotio
2576 2010 2680 2088 qd.
2714 2009 3047 2072 Ubertelli.
3078 2007 3469 2073 Cancellerio

1007 2107 1110 2186 qd.
1157 2108 1376 2169 Arturi
1421 2114 1498 2169 tt.
1583 2108 1872 2169 Andreas
1916 2110 2065 2187 imp.
2114 2108 2255 2169 aule
2297 2116 2429 2168 not.

1326 2206 1587 2266 Florem
1630 2206 1784 2265 Ast.
1833 2206 2018 2279 (Volt.
2064 2226 2127 2266 n.
2177 2206 2277 2283 73)
2322 2206 2495 2283 Oriq.

1005 2382 1140 2443 267.
2612 2383 2906 2457 Canneto,
2949 2382 3033 2443 20
3070 2382 3239 2443 Jum'
3279 2382 3463 2444 1204.

1127 2480 1462 2553 MCCIIII,
1503 2480 1631 2541 ind.
1677 2480 1826 2542 VII.
1861 2480 1997 2541 XII
2028 2480 2149 2541 kal.
2184 2480 2287 2541 iul.
2374 2480 2685 2542 Homines
2712 2482 2903 2542 castri
2930 2480 3013 2542 de
3040 2480 3285 2541 Caneto
3310 2498 3464 2541 oon-

1004 2580 1319 2641 sentiente
1341 2577 1580 2641 habate
1603 2578 1905 2639 Rsinerio
1936 2578 2015 2639 de
2044 2578 2467 2639 Monteviride
2498 2578 2876 2639 iuraverunt
2894 2576 3144 2639 salvare
3170 2578 3463 2638 homines

1005 2675 1060 2735 V
1078 2696 1119 2735 u
1136 2676 1155 2735 l
1173 2682 1251 2735 te
1269 2695 1298 2734 r
1315 2695 1399 2737 ra
1415 2698 1510 2739 no
1527 2694 1556 2735 s
1595 2684 1662 2736 et
1704 2677 2247 2737 comandamenta.
2270 2675 2601 2737 consulum
2634 2674 2737 2737 vel
2764 2676 3107 2756 potestatis
3136 2674 3325 2759 Vult..
3347 2676 3461 2736 ob·

1001 2792 1269 2833 servare.
1356 2774 1584 2835 Iurant
1609 2771 1859 2833 XLVII
1887 2774 2219 2834 nominati.
2303 2776 2442 2833 Act.
2476 2775 2541 2835 in
2570 2773 2791 2834 eodem
2823 2778 3050 2833 castro.
3135 2773 3463 2852 Henrigus

1003 2872 1150 2951 imp.
1197 2872 1556 2931 maiestatis
1597 2876 1726 2931 not.

1320 2967 1578 3028 Florenz
1621 2968 1771 3028 Ast.
1819 2968 2004 3045 (Volt.
2050 2988 2110 3027 n.
2160 2968 2259 3044 74)
2305 2966 2476 3044 Oriy.

998 3145 1134 3205 268.
2504 3144 2963 3221 Momeqabbro,
3006 3144 3046 3205 8
3084 3144 3231 3205 Juli
3272 3144 3453 3205 1201.

1117 3244 1251 3305 Nos
1294 3241 1680 3304 Guiliccione
1723 3250 1788 3301 et
1831 3241 2203 3302 Albertinus
2243 3242 2322 3301 de
2364 3242 2535 3303 Colle
2579 3242 3017 3319 promittimus
3059 3262 3175 3321 pro
3216 3243 3456 3303 comite

997 3339 1507 3416 Ild(ebrandino)
1550 3340 1669 3400 tibi
1714 3340 1944 3401 Tesino
1984 3340 2296 3419 Cipilliuti
2324 3360 2440 3421 pro
2477 3339 2699 3399 Vult.
2756 3338 3080 3400 comuni
3118 3338 3329 3400 facere
3357 3340 3451 3399 iu·

999 3458 1137 3497 rare
1179 3438 1469 3498 homines
1509 3438 1590 3498 de
1633 3438 1945 3497 Menzano
1985 3438 2235 3499 salvare
2276 3438 2565 3499 homines
2606 3436 2687 3496 de
2714 3436 2887 3498 Vult.
2920 3443 2988 3498 et
3016 3437 3106 3498 eis
3132 3437 3449 3498 rationem

995 3536 1221 3607 facere,
1267 3536 1424 3613 quia
1464 3533 1779 3607 volumus,
1823 3542 1898 3595 ut
1942 3536 2229 3597 homines
2274 3536 2352 3597 de
2395 3535 2565 3596 Vult.
2600 3536 2843 3597 faciant
2870 3536 3183 3597 rationem
3220 3532 3341 3595 illis
3370 3535 3453 3596 de

996 3633 1339 3703 Menzano;
1387 3636 1438 3693 si
1481 3653 1606 3693 non
1652 3634 1919 3694 fecerint
1961 3642 2027 3693 et
2068 3633 2613 3709 Ild(ebrandinus)
2646 3630 2750 3691 vel
2784 3629 3069 3693 cousules
3096 3640 3213 3693 aut
3244 3643 3451 3694 rector

995 3734 1075 3793 de
1119 3731 1288 3793 Colle
1330 3732 1734 3809 inquisierint
1774 3728 2062 3792 consules
2106 3730 2207 3790 vel
2248 3738 2636 3811 potestatem
2683 3730 2763 3791 de
2805 3729 3000 3803 Vult„
3038 3730 3327 3791 homines
3367 3732 3449 3791 de

995 3828 1307 3891 Menzano
1339 3830 1420 3890 de
1449 3836 1849 3889 sacramento
1877 3830 2147 3890 rationis
2177 3850 2303 3889 non
2333 3836 2689 3889 teneantur.
2724 3828 3159 3906 Exceptamus
3200 3828 3233 3889 I
3253 3828 3329 3889 ld
3350 3834 3367 3903 (
3386 3850 3447 3887 e-

995 3926 1428 4004 brandum)
1475 3928 1648 3989 Vult.
1680 3948 1775 4007 ep.
1809 3936 1873 3987 et
1903 3946 2311 3998 successores,
2354 3928 2655 3988 comitem
2698 3925 3229 4001 Ild(ebrandum)‚
3276 3927 3446 3988 Ada-

992 4021 1252 4087 lasciam
1296 4027 1710 4097 comitissam,
1755 4026 2047 4086 homines
2090 4026 2170 4086 de
2208 4024 2414 4097 Collc;
2458 4045 2599 4103 pen.
2642 4024 2691 4085 Ο
2736 4043 2925 4086 marc.
2972 4044 3097 4102 arg.
3190 4026 3335 4085 Act.
3380 4027 3445 4086 in

990 4124 1254 4187 castello
1293 4125 1373 4186 de
1429 4124 1847 4202 Montegabro
1905 4126 1971 4185 in
2028 4126 2399 4201 episcopatu
2443 4123 2616 4184 Vult.
2714 4122 3047 4197 MCCHII,
3106 4122 3231 4183 ind.
3290 4122 3441 4188 VII.

990 4222 1158 4283 VIII
1197 4224 1280 4284 id.
1326 4222 1430 4283 iul.
1517 4222 1836 4284 Guidocto
1877 4225 1957 4284 de
2000 4222 2186 4283 Colle.
2234 4222 2612 4283 Guicciardo
2659 4222 2763 4300 qd.
2810 4220 3146 4303 Albertini.
3190 4221 3445 4282 Mancio

991 4318 1094 4397 qd.
1142 4320 1482 4381 Gualconis
1527 4328 1602 4379 tt.
1688 4320 1923 4381 Scutus
1964 4340 2009 4380 s,
2056 4324 2205 4398 imp.
2254 4325 2383 4380 not.

1309 4416 1566 4477 Florenz
1609 4416 1760 4477 Ast.
1809 4416 1995 4491 (Volt.
2042 4437 2104 4476 n.
2156 4417 2254 4491 75)
2300 4417 2470 4492 Θήρ.

1137 4612 1177 4676 ¹)
1213 4613 1318 4665 αι..
1359 4616 1514 4665 6478.
1714 4615 1758 4676 ν)
1792 4612 1898 4663 JL.
1942 4616 2097 4663 6653.
2298 4612 2341 4676 3)
2377 4613 2482 4663 JL.
2526 4615 2714 4665 10401.
2890 4615 2959 4677 .‘)
2998 4614 3161 4665 Nicia
3196 4614 3439 4667 bekannt.

988 4696 1033 4763 ⁸)
1069 4699 1174 4750 JL.
1216 4704 1404 4753 15997.
1551 4700 1594 4765 ⁶)
1633 4702 1735 4751 JL.
1782 4705 1967 4752 16108.
2117 4698 2159 4764 ··)
2196 4702 2299 4750 αι.
2334 4704 2521 4753 16798.
2596 4703 2753 4753 saetae
2779 4704 3277 4755 obenm152.153.
3318 4704 3438 4755 184.

988 4791 1092 4841 2:20
1130 4790 1266 4853 (und
1303 4788 1691 4851 Anmerkunq).
1733 4792 1850 4843 224.
1893 4793 2012 4841 223.
