3817 5642
946 499 1391 554 REGESTUM
1428 497 1749 552 VOLATE
1760 500 1982 553 RRAN
1995 500 2110 600 U-M
2643 499 2751 552 215

858 593 1075 602 *ψ

1797 595 2034 601 ——.—-—-·
2074 595 2294 601 -—---—-
2329 595 2576 604 -----—.-——,

290 705 581 772 tantum,
606 699 709 762 cui
731 699 961 758 datum
980 717 1091 760 seu
1116 703 1487 758 mutuatum
1520 698 1661 758 fuit.
1734 699 2013 758 Nomina
2033 699 2552 760 consiliariorum.
2606 701 2748 760 Act.

290 798 477 857 Vult.
521 800 591 858 in
632 797 857 858 maiori
884 797 1055 868 eccl.‚
1100 793 1211 855 ubi
1240 793 1502 856 consilia
1530 794 1717 855 fiunt.
1793 795 2060 858 Bettiuo
2089 795 2484 860 Francesohi.
2515 797 2752 858 Maffeo

288 915 573 972 precone
614 896 923 956 comunis.
973 893 1239 954 Michele
1287 892 1541 954 Micheli
1590 899 1669 956 tt.
1770 893 2088 974 Iacoppus
2147 892 2251 974 qd.
2305 893 2524 956 Iacobi
2579 895 2746 956 Lun-

286 991 572 1070 gobardi
614 999 783 1052 auct.
814 991 997 1051 Fred.
1034 993 1183 1068 imp.
1228 990 1421 1050 iudex
1463 997 1530 1049 et·
1576 996 1708 1051 not.
1753 998 1821 1052 et
1862 1009 2030 1052 nunc
2074 999 2208 1050 not.
2253 995 2542 1054 comunis
2571 991 2747 1052 Vult.

626 1090 881 1152 morem
910 1089 1062 1148 Asc.
1098 1087 1285 1164 (Vola.
1318 1087 1477 1148 1254
1508 1089 1587 1148 II
1615 1090 1675 1161 2,
1706 1109 1768 1150 n.
1803 1089 1946 1164 651)
1977 1087 2150 1166 Oria.

289 1299 441 1358 653.
1810 1297 2086 1370 Tellena,
2130 1299 2208 1360 11
2250 1298 2526 1360 Februar
2566 1299 2744 1360 1255.

423 1395 808 1468 MCCLHH,
853 1396 983 1456 ind.
1028 1395 1223 1468 XIII,
1270 1396 1374 1458 ΙΙῐ
1416 1397 1503 1457 id.
1549 1395 1676 1458 fob.
1790 1396 2256 1458 Conventiones
2311 1398 2479 1458 inter
2533 1395 2748 1458 Alber·

288 1499 513 1556 tinum
556 1493 815 1572 Spinelli
846 1502 1323 1572 procuratorem
1367 1514 1456 1555 co
1476 1496 1737 1555 munis
1778 1494 1994 1556 Vult..
2027 1502 2094 1554 et
2121 1494 2610 1556 Martinuccium
2640 1495 2749 1574 qd.

288 1593 561 1672 Ugolini
602 1599 1078 1670 procuratorem
1121 1593 1487 1652 comunis
1530 1593 1623 1653 de
1663 1589 1887 1654 Colle
1931 1595 2358 1655 instrumento
2399 1593 2754 1654 sindicatus

290 1709 498 1752 manu
544 1689 977 1752 Ildebrandini
1021 1697 1179 1762 not„
1222 1689 1608 1763 MCCLIIII,
1654 1690 1761 1754 III
1802 1709 1951 1752 non.
1995 1690 2145 1762 feb„
2192 1691 2320 1750 ind.
2365 1691 2622 1768 xl111).
2659 1691 2754 1750 De

288 1787 741 1848 contractibus
781 1788 949 1848 inter
990 1807 1291 1866 personas
1333 1785 1413 1848 de
1455 1789 1631 1848 Vult..
1675 1797 1742 1849 et
1786 1808 2088 1866 personas
2143 1789 2226 1848 de
2278 1788 2452 1850 Colle
2491 1797 2752 1852 tantum

291 1886 413 1964 qui
456 1887 913 1958 contraxerint,
958 1884 1239 1955 heredes,
1284 1884 1459 1948 bona
1496 1885 1781 1966 obligata
1835 1887 2086 1962 possint
2141 1888 2309 1964 peti;
2367 1888 2468 1946 cui
2509 1886 2754 1964 aliquid

290 1983 531 2044 datum
573 1981 787 2056 fuerit,
831 1989 1089 2046 tantum
1136 1983 1219 2046 ab
1257 1983 1399 2063 ipso
1441 1984 1770 2062 exigatur3
1817 2003 1961 2061 pen.
1993 1982 2043 2045 C
2069 2003 2263 2044 marc.
2295 2003 2431 2064 arg.
2513 1985 2656 2047 Act.
2687 1985 2756 2044 in

290 2080 451 2140 eccl.
496 2097 548 2139 s.
590 2079 791 2142 Mar-ie
831 2081 911 2141 de
937 2081 1217 2144 Tollena.
1301 2080 1515 2142 Guido
1540 2080 1749 2142 Ciarli.
1782 2079 2018 2142 Iuncta
2043 2081 2152 2158 qd.
2181 2079 2458 2142 Callinti.
2485 2080 2754 2144 Cambio

293 2177 409 2257 qd.
454 2177 741 2240 Benatti.
786 2177 1031 2239 Datino
1070 2178 1177 2258 qd.
1223 2177 1529 2240 Venture.
1578 2178 1933 2238 Benincas'a
1975 2178 2080 2256 qd.
2109 2179 2395 2240 Ventum
2433 2183 2512 2238 tt.
2597 2177 2752 2238 Bar·

296 2274 667 2336 tholomeus
706 2275 813 2355 qd.
860 2273 1133 2354 Galgani
1176 2275 1357 2336 Fred.
1400 2276 1557 2354 imp.
1602 2281 1739 2336 not.

412 2379 419 2386 ’
627 2374 887 2434 Florenz
929 2375 1083 2434 Ast.
1117 2374 1305 2450 (Volt.
1336 2374 1495 2435 1254
1528 2375 1561 2434 I
1568 2375 1603 2434 I
1633 2374 1732 2446 11,
1766 2394 1827 2434 n.
1858 2375 2002 2450 652)
2034 2373 2204 2452 Oriq.

298 2573 445 2632 654.
1834 2569 2094 2646 Neapel,
2137 2569 2218 2629 25
2259 2569 2536 2630 Eebmar
2574 2568 2752 2629 1255.

427 2667 891 2730 Alexander
935 2667 1025 2726 IV
1070 2667 1363 2744 (Thome)
1408 2667 1671 2728 Senensi
1712 2685 1811 2744 ep.
1894 2665 2186 2738 Mandat,
2220 2673 2293 2726 ut
2321 2667 2618 2728 ultimam
2651 2685 2756 2726 vo-

299 2769 627 2829 luntatem
648 2767 755 2844 qd.
779 2765 1049 2826 Guinisii
1078 2766 1237 2824 civis
1265 2763 1409 2824 Sen.
1440 2765 1803 2824 executioni
1832 2763 2148 2824 mandans
2181 2765 2530 2840 (Rainerio)
2553 2762 2756 2824 electo

302 2865 485 2924 Vult.
530 2863 609 2924 de
652 2863 835 2924 bonis
884 2863 1019 2922 eius
1074 2861 1451 2923 satisfaciat.
1535 2883 1563 2920 (ι
1592 2861 1879 2922 Dilectus
1933 2861 2100 2921 filius
2129 2881 2175 2920 ο.
2281 2861 2432 2922 Dat.
2489 2861 2759 2940 Neapoli

302 2963 361 3022 V
406 2962 531 3022 kal.
576 2967 789 3032 mart„
831 2966 1011 3039 pont.
1059 2960 1111 3020 Ι.
1262 2955 1265 2958 “

638 3059 793 3120 Volt.
842 3057 1077 3118 AVesc.
1122 3077 1169 3117 s.
1214 3056 1401 3118 XIII
1443 3057 1563 3118 dec.
1616 3057 1653 3116 6
1701 3079 1763 3118 n.
1814 3059 1895 3118 22
1943 3057 2116 3134 Oriy.
2177 3057 2384 3133 (Bulle
2424 3078 2510 3117 an
2555 3057 2756 3132 Hans·

628 3156 877 3232 colmar)
890 3203 902 3215 .

304 3347 445 3405 655.
1906 3342 2170 3421 Neapel,
2216 3343 2294 3402 11
2341 3343 2532 3421 April
2571 3342 2754 3406 1255.

428 3439 897 3501 Alexander
936 3440 1043 3500 IV
1076 3439 1403 3514 (Henrico)
1435 3439 1699 3502 Lucano
1727 3458 1827 3518 ep.
1898 3440 2063 3500 Cum
2090 3459 2170 3500 ex
2199 3447 2384 3518 parte
2421 3439 2753 3515 (Raint-rii)

304 3541 493 3600 electi
534 3539 708 3599 Vult..
752 3538 1181 3618 supplicatum
1224 3539 1329 3610 sit,
1376 3544 1449 3597 ut
1490 3537 1749 3598 licentia
1788 3539 1847 3597 ei
1877 3536 2070 3599 detur
2095 3538 2520 3616 possessiones
2547 3539 2760 3597 minus

302 3639 499 3698 utiles
526 3639 933 3716 episcopatus
962 3637 1302 3708 vendendi,
1333 3655 1413 3697 ne
1440 3642 1619 3697 totus
1646 3637 2054 3714 episcopatus
2091 3653 2428 3696 usurarum
2458 3636 2758 3712 voragine

306 3735 748 3808 absorbeatur,
794 3735 1083 3804 mandat,
1126 3736 1434 3812 quatinus
1475 3733 1809 3812 diligenter
1850 3733 1930 3794 de
1971 3733 2208 3794 debitis
2247 3734 2532 3812 inquirat
2575 3740 2658 3804 ct,
2705 3733 2758 3792 si

306 3833 545 3894 viderit
586 3834 903 3910 expedire,
940 3834 1267 3894 licentiam
1293 3832 1561 3892 tribuat.
1646 3828 1677 3890 εἰ
1698 3831 1798 3892 Ex
1826 3838 2012 3909 parte
2042 3831 2258 3892 dilecti
2279 3853 2324 3890 ›>.
2410 3831 2562 3890 Dat.
2594 3830 2758 3891 Nea·

308 3931 436 4012 poli
481 3930 589 3992 111
631 3930 716 3990 id.
760 3947 919 4009 apr„
966 3938 1145 4010 pont.
1190 3931 1243 3990 Ι.

630 4029 833 4090 Imert
872 4030 943 4090 in
984 4050 1046 4089 n.
1090 4029 1211 4090 678
1250 4029 1383 4090 und
1420 4049 1485 4089 π.
1532 4029 1669 4089 680.

309 4218 445 4282 656.
760 4203 763 4206 ’
926 4165 931 4170 ’
2010 4216 2224 4287 scena,
2267 4215 2347 4275 25
2391 4215 2536 4274 Μαι·
2578 4214 2759 4278 1255.

430 4313 729 4385 MCCLV‚
774 4312 901 4374 ind.
946 4311 1141 4382 XIII,
1186 4311 1352 4374 VIII
1394 4312 1522 4375 kal.
1566 4314 1697 4373 iun.
1784 4313 2058 4373 Iacobus
2089 4312 2361 4373 Renaldi
2392 4319 2458 4372 et
2486 4311 2760 4371 Iacobus

312 4411 664 4473 Ranuccini
708 4413 877 4472 cives
921 4411 1065 4473 Son.
1108 4411 1491 4471 confitemur
1534 4409 1824 4471 Renaldo
1868 4411 2188 4471 Bonianni
2231 4409 2310 4468 de
2353 4407 2667 4469 Monterio
2720 4430 2763 4471 a

314 4515 378 4570 te
407 4529 521 4589 pro
564 4509 958 4571 Rainerio
1000 4509 1200 4571 electo
1224 4509 1400 4570 Vult.
1425 4510 1731 4587 recepisse
1758 4509 1986 4570 CCXV
2014 4509 2122 4568 lib.
2162 4507 2305 4567 den.
2331 4505 2476 4569 Seu.
2503 4509 2758 4581 minut„

457 4719 501 4783 ι)
548 4721 679 4770 1255
715 4720 785 4768 11
825 4719 875 4777 3,
910 4720 1053 4768 siche
1090 4720 1227 4768 auch
1264 4733 1317 4768 n.
1360 4719 1477 4768 65⁶2.
