3817 5642
886 585 1333 642 REGESTUM
1370 587 1694 642 VOLATE
1706 589 1751 640 R
1764 589 1811 640 R
1820 589 2058 644 ANUM
2601 595 2700 642 149

244 681 366 688 ——

228 784 378 844 423.
1965 787 2284 860 Ravenna,
2331 787 2478 848 Mai
2519 789 2699 850 1226.

356 879 769 960 Privilegium
800 879 1305 941 confirmationis
1346 880 1757 942 Fr³derici
1814 881 1893 941 II
1948 883 2104 961 imp.
2149 903 2264 963 pro
2315 887 2704 946 monasterio

238 976 731 1040 camaldulensi.

570 1074 728 1136 Vozt.
760 1074 1075 1136 AMum'c.
1102 1075 1361 1150 (Radia)
1391 1075 1543 1153 Gop.
1566 1097 1616 1136 ε.
1642 1076 1851 1136 XIII.
1937 1077 2094 1140 Edd.
2113 1077 2501 1140 Mioearellil
2514 1079 2704 1141 V45o

562 1192 626 1232 n.
656 1172 793 1233 271.
823 1171 1475 1233 Ηιιίὶῑανᾶ·Βνέ]ιοῑὶεε
1506 1173 1540 1232 I
1548 1173 1577 1232 I
1609 1173 1731 1233 565
1763 1173 1954 1248 (beide
1981 1175 2495 1252 unvollsteindiq).
2528 1175 2700 1236 Win-

562 1268 857 1330 kelmawn
902 1267 1058 1329 Acta
1085 1268 1124 1328 I
1153 1269 1276 1330 250
1314 1289 1375 1329 n.
1419 1271 1541 1331 275
1568 1273 1631 1346 ι).
1677 1271 1823 1347 Rey.
1870 1271 2410 1334 B.-F.-W.1604.

244 1465 383 1525 424.
1756 1465 2209 1542 Monteqenwli,
2255 1467 2294 1527 8
2333 1469 2384 1527 J
2385 1471 2480 1529 ult
2519 1471 2698 1532 1226.

362 1561 513 1622 Gui
533 1559 811 1622 lielmo
837 1564 906 1621 et
946 1561 1383 1623 Bonifatio
1426 1560 1771 1622 comitibus
1798 1560 2101 1639 palatinis
2129 1564 2237 1642 qd.
2268 1567 2519 1627 comitis
2548 1566 2700 1628 Ildi-

238 1659 540 1720 bra-ndini
582 1658 1009 1719 existentibus
1060 1659 1238 1738 apud
1290 1665 1575 1720 castrum
1631 1659 1711 1720 de
1768 1661 2290 1739 Montegemmoli
2333 1670 2401 1725 et
2441 1663 2506 1722 in
2547 1664 2700 1726 eccl.

236 1778 287 1818 s,
333 1757 777 1818 Bartholomei
814 1761 883 1816 et
924 1755 1275 1818 Affiicante
1316 1757 1423 1836 qd.
1468 1757 1791 1818 Pinocchii
1820 1756 1903 1818 de
1932 1758 2107 1819 Vult.
2138 1765 2382 1820 rectore
2409 1763 2700 1824 comunis

226 1855 437 1916 castri
476 1859 543 1916 et
582 1853 951 1916 hominibus
989 1855 1185 1914 castri
1238 1863 1305 1916 et
1360 1855 1560 1916 curtis
1615 1857 2015 1934 congregatis
2071 1857 2348 1934 petitum
2403 1858 2530 1918 fuit
2581 1879 2702 1940 pro

236 1961 426 2032 parte
467 1954 797 2024 comitum,
840 1951 1017 2031 quod
1056 1953 1215 2014 seire
1258 1952 1563 2014 volebant
1604 1957 1742 2012 iura
1770 1959 1839 2012 et
1865 1953 2166 2026 rationes,
2207 1974 2332 2032 que
2366 1955 2700 2019 habebant

238 2051 321 2111 ab
366 2049 735 2112 hominibus
775 2050 986 2110 castri.
1030 2049 1417 2110 Statuerunt
1458 2049 1710 2110 credere
1762 2050 2324 2112 testificationibus
2379 2053 2700 2132 antiquio-

234 2167 421 2220 ωιτη
466 2147 635 2208 VIII
674 2147 861 2209 electi
904 2155 1077 2208 sunt.
1161 2147 1305 2208 Act.
1350 2149 1415 2209 in
1457 2146 1603 2208 eccl
1665 2167 1715 2208 s.
1771 2147 2210 2209 Bal-tholomei
2267 2149 2427 2208 dicti
2481 2152 2695 2212 castri.

238 2247 458 2307 Presb.
502 2245 804 2308 Seracino
843 2250 1087 2306 rectore
1128 2244 1273 2306 eccl.
1320 2245 1401 2306 de
1442 2245 1988 2324 Montegemmoli.
2043 2245 2292 2308 Bifolco
2332 2245 2442 2326 qd.
2488 2247 2698 2310 Bona-

240 2351 532 2406 venture.
578 2345 945 2423 Ruggerino
986 2343 1095 2422 qd.
1142 2342 1490 2422 Paganelli.
1524 2342 1847 2405 Rainaldo
1872 2342 1954 2404 de
1983 2342 2268 2404 Belforte
2294 2344 2406 2423 qd.
2436 2345 2702 2426 Rugerii

228 2449 319 2504 tt.
404 2441 826 2512 MCCXXVI,
872 2441 1003 2502 ind.
1051 2440 1283 2512 XIIII,
1326 2439 1495 2502 VIII
1534 2441 1619 2500 id.
1664 2441 1773 2502 iul.
1858 2440 2161 2502 Albertus
2189 2441 2298 2520 qd.
2329 2442 2696 2506 Rollandini

236 2541 425 2612 dixit,
459 2539 633 2617 quod
662 2539 830 2600 vidit
860 2557 901 2596 a
926 2539 1127 2597 XXX
1160 2540 1343 2601 annis
1368 2539 1677 2599 comitem
1706 2538 2224 2600 Ildibrandinum
2251 2543 2318 2600 et
2351 2542 2485 2601 eius
2514 2540 2559 2601 f.
2591 2559 2697 2602 ve·

234 2640 373 2700 nire
414 2635 1027 2715 Montemgemmoli,
1072 2635 1421 2714 aliquando
1462 2636 1543 2696 de
1583 2637 1770 2697 annis
1810 2634 1942 2695 VII
1981 2635 2195 2706 semel,
2241 2635 2588 2717 aliquando
2616 2639 2696 2699 de

234 2737 288 2798 V
318 2736 511 2797 annis
552 2735 765 2806 semel,
810 2741 1147 2812 tamquam
1190 2732 1524 2794 dominum
1564 2733 1781 2807 castri,
1814 2739 1881 2793 et
1908 2738 2078 2794 stare
2105 2733 2196 2794 ibi
2225 2753 2340 2812 pro
2373 2735 2530 2796 velle
2553 2754 2695 2812 sue,

226 2843 301 2895 et
328 2832 624 2894 homines
666 2830 1035 2893 serviebant
1074 2837 1142 2891 et
1180 2829 1433 2893 dabant
1458 2831 1683 2891 comiti
1706 2835 1776 2890 et
1802 2831 2106 2908 personis,
2136 2849 2298 2910 quas
2333 2850 2552 2894 secum
2576 2833 2695 2894 du·

226 2932 447 3004 cebat,
494 2949 611 3008 pro
654 2929 1011 3010 albergaria
1053 2930 1124 2991 II
1162 2931 1675 3002 commesationes,
1723 2929 1754 2988 I
1794 2931 1863 2990 in
1902 2948 2042 2990 sero
2085 2935 2152 3012 et
2193 2930 2228 2991 I
2267 2931 2336 2990 in
2377 2950 2584 3006 mane,
2629 2938 2698 2996 et

232 3049 541 3102 anonam,
570 3028 827 3107 paleam
866 3025 1003 3088 sive
1042 3034 1326 3088 stramen
1368 3028 1549 3106 equis
1591 3027 1721 3086 suis
1764 3033 1830 3087 et
1858 3028 2031 3088 curie
2071 3047 2186 3105 per
2218 3025 2252 3086 Ι
2281 3033 2568 3100 noctem;
2601 3029 2696 3093 in·

232 3147 429 3206 super
466 3145 587 3205 pro
630 3131 901 3204 accapto
943 3125 1079 3185 sive
1118 3123 1385 3186 collecta
1429 3123 1629 3184 XXX
1674 3123 1780 3186 lib.
1824 3123 1968 3186 den.
2012 3123 2188 3185 Vult.
2232 3125 2314 3185 de
2340 3125 2470 3185 VII
2514 3125 2698 3188 annis

232 3223 437 3286 semel
478 3223 823 3302 aliquando
862 3229 933 3283 et
972 3221 1321 3302 aliquando
1362 3220 1444 3282 de
1486 3223 1575 3294 V;
1624 3222 1791 3282 vidit
1820 3229 2154 3302 pasturare
2197 3241 2314 3302 pro
2353 3224 2586 3284 comite
2628 3230 2697 3287 et

230 3323 414 3383 curia
442 3322 577 3382 eius
604 3322 671 3382 in
694 3339 888 3400 pasco
914 3325 983 3380 et
1006 3325 1277 3399 pastura
1304 3318 1385 3379 de
1406 3319 1930 3398 Montegcmmoli
1951 3319 2226 3396 pecudes
2248 3320 2690 3396 mandrianas;

230 3420 492 3481 audivit
521 3419 665 3492 dici,
710 3419 887 3498 quod
927 3416 999 3478 II
1040 3416 1303 3496 poderia
1342 3415 1608 3478 fuerunt
1648 3418 1934 3488 comitis;
1980 3417 2268 3478 homines
2310 3419 2505 3478 castri
2545 3437 2695 3479 con-

230 3526 585 3579 sueverunt
627 3514 853 3594 eligere
894 3517 1233 3577 annuatim
1274 3521 1607 3587 rectorem,
1650 3514 1764 3574 sed
1804 3513 1884 3574 de
1930 3515 2148 3576 amicis
2178 3514 2360 3576 etad
2389 3515 2696 3578 honorem

226 3615 509 3674 comitia.
553 3613 759 3674 Ceteri
802 3619 1001 3673 testes
1040 3611 1272 3674 similia
1313 3611 1559 3673 dicunt.
1606 3610 1972 3672 Pubblicati
2013 3617 2164 3672 sunt
2211 3617 2406 3672 testes
2449 3614 2516 3672 in
2558 3631 2698 3691 pre-

228 3710 447 3773 sentia
486 3712 819 3774 comitum
861 3710 1145 3783 rectoris,
1172 3709 1507 3772 hominum
1538 3711 1731 3770 castri
1828 3715 1908 3770 tt.
1938 3715 2004 3770 et
2031 3709 2138 3770 die
2163 3717 2240 3770 ut
2281 3729 2492 3788 supra.
2586 3709 2702 3772 Al-

226 3807 459 3871 bertus
502 3808 608 3888 qd.
654 3807 977 3870 Asc-heroli
1016 3807 1099 3868 de
1140 3805 1316 3869 Vult.
1363 3806 1516 3887 imp.
1564 3814 1731 3924 auct.
1776 3813 1926 3868 not.
1946 3811 2170 3886 rogata
2207 3827 2322 3887 per
2351 3807 2696 3871 Bontalen·

228 3912 375 3968 tum
422 3913 559 3969 not.
611 3905 1009 3968 defunctum.

555 4005 821 4066 morem
863 4003 1015 4064 Ast.
1049 4003 1239 4080 (Vola.
1283 4023 1347 4064 n.
1379 4003 1523 4078 256)
1554 4003 1728 4080 Oriq.

222 4203 371 4264 425.
1114 4199 1405 4276 Seqalari
1446 4199 1616 4259 della
1659 4197 2086 4272 errardeeca,
2132 4201 2170 4260 2
2213 4199 2468 4260 Oktober
2510 4198 2694 4260 1226.

352 4296 776 4367 MCOXXVI,
822 4295 917 4356 VI
958 4315 1106 4358 non.
1158 4305 1308 4368 oct„
1352 4297 1481 4356 ind
1536 4297 1677 4356 XV.
1774 4297 2162 4375 Bonaguida
2213 4297 2323 4376 qd.
2375 4297 2578 4358 Parisi
2631 4305 2699 4358 et

230 4397 581 4474 Passagius
619 4393 1085 4455 f.Cancella1-ii
1132 4393 1631 4455 ambasciatores
1672 4412 1903 4454 oomu
1923 4393 2042 4453 nis
2086 4393 2302 4454 Vult.
2349 4413 2464 4472 pro
2519 4413 2586 4454 se
2633 4401 2700 4454 et

228 4494 527 4574 Galgano
560 4491 665 4571 qd.
696 4491 1012 4552 Tancredi
1052 4491 1595 4552 coambaseiatore
1635 4492 1965 4570 elegerunt
2009 4491 2344 4553 Albertum
2388 4492 2690 4552 comitem

224 4592 311 4652 de
352 4591 651 4670 Segalare
694 4589 805 4668 qd.
848 4590 1101 4652 comitis
1140 4589 1359 4650 Tedici
1402 4591 1469 4650 in
1509 4595 1901 4667 pote-atatem
1944 4588 2124 4649 Vult.
2169 4609 2210 4648 a
2259 4589 2386 4650 kal.
2431 4591 2696 4650 ienuarii

380 4799 419 4860 ¹)
460 4797 623 4854 Ναρὴ
660 4797 780 4846 dem
816 4797 961 4859 Oria.
1002 4797 1067 4846 in
1102 4797 1328 4847 Florem
1364 4797 1497 4848 Ast.
1540 4795 1903 4858 (Oamdou).
