3817 5642
1120 599 1230 652 226
1771 597 2210 650 izi-:GESTUM
2249 593 2932 649 VOLATERRANUM

1242 795 1660 872 Mangcriu
1680 811 1709 849 s
1750 792 1930 865 dicit,
1975 791 2149 868 quod
2189 789 2431 850 electus
2474 791 2712 868 recepit
2745 789 2852 850 DC
2895 787 3000 848 lib.
3033 807 3148 866 pro
3180 788 3340 849 DOC
3369 809 3410 848 a
3433 789 3562 848 Pal·

1124 901 1295 966 tone,
1326 892 1501 972 quod
1540 889 1835 952 debitum
1878 891 2004 950 fuit
2036 891 2396 949 usurarium
2423 895 2490 948 et
2519 887 2695 966 quod
2721 888 2962 946 elect-us
2990 887 3201 964 ipsum
3229 890 3564 958 contraxit,

1127 993 1281 1072 quia
1308 996 1463 1052 tunc
1492 991 1765 1050 intravit
1792 991 1857 1048 in
1886 989 2328 1066 episcopatum
2357 993 2425 1048 ct
2453 1007 2586 1048 non
2613 987 2830 1064 potuit
2854 983 3090 1046 habere
3117 986 3254 1046 eius
3283 993 3482 1046 terras
3507 996 3564 1045 et

1124 1089 1435 1167 imprimis
1474 1087 1895 1148 Pulicianum.
1931 1085 2146 1146 Credit
2177 1083 2344 1146 bona
2373 1085 2442 1144 in
2467 1084 2646 1144 Vult..
2675 1089 2744 1144 et
2771 1083 2836 1144 S.
2867 1083 3117 1144 Gemin.
3147 1102 3336 1162 posse
3363 1085 3564 1156 vendi,

1122 1188 1275 1266 quia
1314 1187 1447 1246 sint
1488 1187 1749 1246 minoris
1789 1185 1978 1262 pretii
2020 1189 2090 1244 et
2129 1189 2396 1262 propter
2437 1183 2803 1261 potentiam
2845 1199 3086 1252 eorum,
3129 1180 3240 1260 qui
3281 1183 3424 1260 ipsa
3469 1183 3565 1242 de-

1124 1285 1353 1356 tinent,
1418 1287 1633 1360 posset
1694 1282 1914 1340 venire
1974 1279 2058 1340 ad
2119 1279 2366 1356 brigam
2427 1298 2574 1340 oum
2639 1277 3038 1340 comunibus.
3183 1275 3568 1338 Braccius

1126 1379 1627 1440 Francobari
1670 1376 1833 1437 dicit
1872 1374 2262 1437 CCLXVIII
2289 1375 2400 1436 lib.
2429 1381 2797 1436 contractas
2823 1393 2960 1435 csse
2987 1393 3105 1454 pro
3143 1382 3360 1436 castro
3383 1375 3567 1436 Gam-

1128 1475 1297 1537 bassi
1336 1494 1450 1554 per
1488 1475 1948 1534 Guilelminum
1987 1473 2069 1534 de
2099 1473 2440 1551 Romagna
2481 1474 2790 1534 vicarium
2819 1473 3230 1552 episcopatus
3265 1478 3565 1550 tempore,

1123 1593 1253 1652 quo
1278 1574 1519 1634 electus
1546 1573 1667 1632 ivit
1700 1571 1781 1632 ad
1814 1571 2200 1651 Lugdunum
2231 1571 2316 1630 ad
2342 1574 2606 1632 curiam.
2637 1571 2875 1644 Credit,
2906 1571 3082 1649 quod
3109 1570 3352 1630 electus
3381 1571 3568 1632 habet

1124 1669 1299 1731 ultra
1324 1676 1599 1750 quatuor
1628 1668 1804 1728 milia
1832 1667 1962 1728 alia
1999 1667 2239 1730 debita.
2287 1667 2744 1728 Ricoardus
2771 1667 2948 1738 dioit,
2979 1667 3156 1746 quod
3181 1667 3482 1746 Paganus
3509 1670 3568 1726 in

1124 1768 1349 1827 mortis
1386 1765 1679 1840 articulo,
1708 1785 1856 1824 cum
1886 1769 2214 1824 teneret-ur
2267 1773 2513 1824 certam
2567 1783 2888 1826 summam
2943 1764 3206 1838 solvere,
3265 1763 3570 1843 obligavit

1120 1863 1453 1944 capellam,
1496 1881 1613 1941 pro
1652 1881 1785 1942 qua
1824 1861 2198 1924 rehabenda
2245 1863 2486 1924 electus
2541 1865 2781 1941 recepit
2835 1862 3071 1924 Mccx
3125 1862 3233 1923 lib.
3276 1881 3318 1922 a
3361 1864 3568 1924 Benti-

1125 1981 1343 2040 vegna.
1430 1962 1895 2022 Ronzettus
1952 1966 2112 2019 not.
2157 1960 2336 2033 dicit,
2379 1959 2557 2038 quod
2598 1959 2838 2020 electus
2883 1966 3139 2020 tenetur
3163 1959 3390 2020 debito
3427 1979 3567 2020 oon-

1124 2065 1335 2120 tracto
1376 2078 1415 2118 a
1458 2058 1718 2134 Pagano
1760 2059 1948 2118 sortis
1991 2057 2138 2118 CCC
2185 2057 2290 2118 lib.
2336 2057 2484 2118 filiis
2525 2057 2978 2130 Preitemanni,
3033 2063 3122 2127 et,
3167 2057 3340 2136 quod
3383 2077 3566 2136 penes

1122 2175 1191 2218 se
1230 2163 1475 2214 cartam
1518 2155 1636 2214 sibi
1681 2176 1720 2214 a
1761 2155 2066 2234 predictis
2106 2157 2190 2215 ad
2235 2155 2570 2216 visendum
2615 2156 2920 2216 traditam
2967 2156 3138 2216 ultra
3181 2175 3421 2216 annum
3461 2156 3564 2214 ba·

1126 2252 1287 2321 buit,
1310 2260 1463 2312 tunc
1490 2252 1785 2313 reddidit.
1818 2259 1905 2324 et,
1939 2253 2114 2330 quod
2141 2253 2254 2314 filii
2284 2255 2458 2331 apud
2489 2260 2882 2331 potestatem
2913 2253 3090 2313 Vult.
3117 2253 3402 2314 libellum
3431 2273 3566 2312 con-

1120 2351 1473 2429 questionis
1516 2359 1741 2410 contra
1784 2349 2060 2408 electum
2101 2351 2554 2428 deposuerunt.
2589 2350 2782 2418 Dicit.
2815 2351 2990 2428 quod
3019 2349 3190 2410 bona
3223 2350 3393 2428 apud
3423 2349 3566 2410 Vul-

1124 2453 1359 2508 terram
1403 2453 1464 2506 et
1498 2447 1561 2505 S.
1592 2447 1843 2507 Gemin.
1875 2454 1944 2506 et,
1973 2466 2086 2525 per
2115 2449 2412 2509 Pisanam
2443 2449 2776 2528 civitatem
2807 2458 2874 2508 et-
2904 2467 3014 2525 per
3041 2455 3328 2508 castrum
3357 2447 3566 2508 Sancti

1124 2547 1405 2606 Miniatis
1428 2555 1495 2605 et
1517 2565 1789 2606 comune
1812 2543 2086 2606 Senense
2107 2555 2380 2624 possunt
2401 2546 2626 2606 melius
2651 2546 2858 2607 vendi.
2922 2545 3417 2608 Ildebrandinus
3435 2555 3568 2607 not.

1218 2641 1226 2648 ’
1455 2643 1609 2704 Volt.
1646 2644 1697 2702 A
1716 2642 1880 2703 Vesc.
1911 2663 1961 2704 ε.
1993 2643 2181 2702 XIII
2203 2645 2328 2704 dec.
2353 2645 2393 2704 6
2415 2663 2476 2704 n.
2505 2645 2588 2706 37
2615 2644 2788 2721 Oriy.
2875 2643 3056 2704 Ia‘boe
3081 2646 3324 2705 iuriam
3351 2645 3446 2705 24'
3473 2647 3570 2704 cit.

1126 2841 1265 2898 680.
2635 2837 3002 2916 Montopoli,
3047 2840 3128 2900 12
3171 2839 3354 2900 Meirz
3395 2841 3572 2900 1257.

1246 2933 1559 2996 Henricus
1586 2954 1687 3013 ep.
1714 2935 2014 2996 Lucanus
2034 2939 2426 2996 auctoritate
2453 2934 2802 2998 Alexandri
2825 2935 2916 2998 lv
2939 2941 2980 3006 ¹)
3007 2938 3437 2998 commisimus
3467 2936 3574 2998 ab·

1124 3035 1263 3095 bati
1292 3053 1340 3092 s.
1372 3034 1539 3094 Iusti
1580 3033 1779 3104 Vult„
1813 3039 1885 3092 ut
1919 3035 2200 3110 inquirat
2242 3034 2324 3093 de
2363 3033 2599 3094 debitis
2641 3037 3183 3112 episcopatus
3226 3035 3466 3104 Vult„
3509 3044 3577 3096 et

1128 3133 1467 3212 Pegoloeto
1506 3132 1588 3191 de
1629 3133 2088 3210 Montemagno
2129 3131 2375 3192 sindico
2417 3138 2484 3192 et
2525 3131 2824 3194 familiari
2867 3133 3126 3194 Ranerii
3167 3135 3352 3194 electi
3395 3135 3576 3196 Vult.

1124 3233 1551 3290 instrumento
1608 3227 1943 3298 MCCLVL
2003 3229 2133 3289 ind.
2193 3229 2421 3301 XIIII,
2469 3228 2670 3292 v1111
2719 3229 2804 3290 id.
2864 3233 3125 3306 mart.²)
3169 3231 3580 3294 concedimus

1124 3330 1223 3388 ius
1264 3325 1581 3387 vendendi
1624 3327 1799 3388 bona
1836 3327 1922 3386 ad
1965 3327 2070 3385 111
2113 3327 2292 3388 milia
2330 3326 2457 3398 lib.,
2503 3329 2596 3388 ita
2637 3332 2878 3400 tamen,
2919 3329 3094 3406 quod
3139 3330 3350 3390 minus
3391 3331 3582 3392 utilia

1124 3425 1294 3484 bona
1335 3425 1701 3484 vendantur
1742 3432 1807 3483 et·
1849 3423 2068 3484 debita
2109 3423 2532 3486 creditoribus
2575 3445 2684 3503 per
2725 3425 3030 3487 abbatem
3073 3445 3122 3486 ε.
3166 3425 3334 3488 Iusti
3373 3430 3580 3488 exsol-

1124 3527 1379 3582 vantur.
1466 3521 1607 3580 Act.
1652 3521 1715 3579 in
1760 3521 2192 3598 Montetopari
2235 3523 2302 3582 in
2343 3522 2537 3582 domo
2579 3521 2912 3584 Orlandini
2953 3523 3180 3584 iudicis
3213 3527 3280 3584 in
3323 3545 3580 3586 cassato

1124 3627 1304 3680 terre.
1392 3620 1573 3679 Bovo
1613 3618 1695 3678 de
1738 3619 2206 3681 Antelminellis
2245 3621 2626 3698 ini-inperito,
2671 3621 2861 3683 Maza
2899 3621 3172 3700 plebano
3213 3623 3295 3683 de
3351 3623 3580 3686 Barbi-

1128 3718 1321 3778 naria.
1370 3717 1653 3778 Currado
1700 3715 2078 3776 Rustichelli
2117 3718 2198 3777 de
2225 3717 2420 3778 Luca.
2451 3717 2866 3780 Gualterocto
2891 3719 2974 3781 de
3001 3719 3254 3782 Maona.
3283 3721 3582 3782 Iohanne

1124 3821 1279 3886 not„
1325 3815 1477 3874 aliis.
1588 3813 1956 3884 MOCLVII,
2015 3813 2158 3877 IIII
2213 3813 2297 3874 id.
2345 3823 2554 3886 mart„
2597 3815 2723 3876 XV
2764 3815 2892 3876 ind.
2997 3818 3219 3878 Cecius
3271 3818 3355 3880 de
3411 3821 3580 3881 Fon·

1126 3919 1281 3972 tana
1324 3921 1455 3971 not.

1452 4011 1601 4072 Volt.
1650 4011 1703 4068 A
1722 4011 1886 4069 Vel-c.
1932 4031 1980 4070 «ς.
2026 4011 2210 4072 XIII
2255 4012 2376 4070 dec.
2423 4011 2462 4070 6
2501 4032 2564 4072 τι.
2596 4011 2678 4071 50
2721 4012 2952 4089 (Sieqel
2992 4013 3310 4090 verloren).

1126 4219 1260 4278 681.
2819 4218 2975 4292 (Vor
3015 4218 3095 4278 15
3139 4217 3324 4280 Mc'irz
3363 4221 3574 4296 1257).

1242 4315 1403 4374 Cum
1435 4315 1599 4372 inter
1628 4333 1897 4374 comune
1927 4314 2100 4373 Vult..
2145 4320 2212 4373 et·
2257 4313 2930 4376 Ildibrandinum
2973 4325 3052 4376 et
3093 4315 3574 4378 Umbertum

1122 4412 1351 4472 fratres
1394 4412 1659 4470 comites
1699 4410 1741 4468 f.
1788 4411 1940 4470 olim
1995 4409 2334 4471 Guillielmi
2391 4413 2644 4472 comitis
2699 4413 2774 4471 lis
2817 4419 3174 4473 verteretur
3228 4413 3308 4474 de
3361 4422 3578 4475 castro

1124 4509 1659 4585 Montisgemmoli
1702 4517 1769 4568 et
1810 4517 2022 4568 castro
2063 4508 2284 4568 Sillani
2327 4529 2600 4586 cumque
2629 4510 2974 4570 Pactuccio
3013 4512 3094 4570 de
3137 4512 3438 4572 Conco-sio
3477 4532 3572 4570 st·-

1123 4607 1333 4667 cunda
1364 4608 1501 4664 vice
1528 4608 1867 4683 capitaneo
1894 4614 1960 4666 et
1989 4615 2091 4666 ant
2109 4610 2288 4678 iani-³,
2319 4609 2580 4666 consilio
2609 4609 2952 4680 eredentie,
2985 4609 3260 4670 XXIIII
3285 4611 3574 4677 consilia·

1268 4797 1311 4860 1)
1352 4797 1495 4843 Οὸεη
1536 4813 1585 4844 n.
1628 4798 1745 4844 655.
1882 4797 1924 4861 ²')
1969 4799 2105 4846 1250·
2145 4799 2300 4846 Mdv-z
2343 4804 2388 4848 S.
