3817 5642
895 609 1339 664 REGESTUM
1376 609 1484 663 VO
1495 611 2062 665 LATERRANUM
2597 613 2704 665 237

228 802 585 864 hominum
626 803 979 864 electorum
1022 823 1059 864 a
1104 805 1369 866 consilio
1406 823 1527 884 pro
1564 804 1857 866 faciendo
1898 825 2068 885 paga.
2107 805 2387 866 miiitum
2441 812 2510 866 et
2552 805 2706 866 bali-

229 903 609 973 steriorum,
655 903 768 979 qui
808 901 1049 963 debent
1091 905 1181 962 ire
1222 905 1289 964 in
1330 909 1690 980 presentem
1732 905 2084 964 exercitum
2126 903 2192 962 in
2234 905 2572 965 servitium
2607 905 2711 966 co·

231 1000 463 1061 munis
505 1000 695 1074 Flor„
740 1006 817 1060 ut
857 1003 1170 1079 script-um
1212 1007 1313 1062 est
1352 1021 1465 1080 per
1508 1001 1859 1081 Rugerium
1915 1009 2049 1064 not.
2092 1001 2412 1081 Teghiarii
2460 1009 2600 1080 pot.
2644 1007 2712 1063 et

228 1101 537 1160 comunis
576 1099 643 1160 in
685 1101 850 1160 actis
890 1100 1201 1170 comunis,
1246 1101 1555 1162 confiteor
1598 1119 1698 1161 me
1737 1099 2046 1177 recepisse
2072 1119 2114 1160 a.
2141 1107 2207 1160 te
2247 1099 2708 1162 Iidebrandino

228 1198 665 1274 Acceptantis
713 1198 795 1257 de
849 1197 1051 1257 Porta
1102 1196 1289 1258 Silice
1328 1196 1445 1258 CX
1486 1198 1597 1258 sol.
1640 1197 1782 1258 den.
1830 1198 1955 1258 Pis.
1999 1200 2186 1277 niglu,
2229 1218 2390 1276 quos
2445 1198 2708 1264 reddere

226 1293 565 1370 promicto
604 1293 753 1354 hinc
794 1293 881 1354 ad
920 1293 1015 1356 VI
1057 1313 1338 1366 menses;
1380 1315 1527 1372 pen.
1570 1293 1769 1373 dupli,
1799 1294 2103 1372 dampna,
2139 1313 2473 1372 expensas.
2557 1297 2702 1358 Act.

228 1389 422 1451 Vult.
466 1391 537 1453 in
576 1409 831 1452 camera
872 1392 1111 1452 maiore
1152 1389 1327 1452 Vult.
1372 1394 1683 1452 comunis.
1778 1390 2181 1452 Membrocto
2221 1397 2356 1451 not.
2405 1391 2704 1454 Rainerio

228 1487 346 1566 qd.
396 1485 592 1548 Guidi
636 1493 719 1548 tt.
803 1488 1227 1564 Lucteringus
1268 1491 1376 1568 qd.
1422 1489 1666 1550 Marehi
1708 1495 1847 1550 not.
1913 1517 1918 1526 ·

564 1585 828 1646 Florem
876 1586 1032 1646 Ast.
1080 1585 1270 1662 (Volt.
1318 1605 1380 1645 n.
1436 1587 1577 1663 751)
1620 1586 1791 1663 Oria.
1838 1585 2056 1662 (durch
2093 1585 2369 1646 Solmitte
2411 1585 2700 1658 bassiare,-

563 1684 795 1744 weitere
836 1683 1239 1759 Quittunyen,
1283 1683 1514 1758 ehenso,
1560 1683 1711 1744 iiber
1750 1681 1884 1757 CX,
1929 1681 2068 1754 CX,
2097 1683 2236 1750 CX.
2266 1681 2381 1744 CX
2417 1683 2528 1746 sol.
2573 1684 2698 1758 XI,

566 1779 718 1853 XX,
763 1779 865 1841 XI
905 1780 1036 1854 lib„
1079 1799 1435 1842 zusammen
1476 1781 1557 1841 69
1600 1781 1702 1842 lib.
1746 1781 1829 1842 10
1865 1782 2001 1853 eol„
2031 1782 2124 1842 im
2148 1779 2365 1841 Fonds
2399 1780 2694 1853 Volterra,

562 1879 827 1940 Florenz
869 1879 1073 1954 Asa).

230 2068 374 2128 708.
1611 2065 1983 2142 Beriqnone,
2027 2065 2109 2125 29
2146 2065 2472 2126 Dezember
2511 2066 2694 2127 1259.

354 2163 810 2234 MOCLVIIIL
854 2162 988 2224 ind.
1034 2164 1159 2235 III,
1206 2162 1349 2224 IIII
1376 2162 1501 2222 kai.
1534 2165 1660 2222 ian.
1748 2162 2190 2224 Rainerius
2231 2164 2408 2224 Vult.
2454 2164 2717 2226 eiectus'.

226 2263 523 2324 locamus
554 2261 791 2324 Gentili
822 2261 930 2340 qd.
974 2259 1285 2321 Aldifredi
1316 2260 1397 2320 de.
1424 2259 1783 2321 Gambasso
1808 2265 2030 2330 terrae,
2062 2281 2220 2341 quas
2251 2260 2549 2323 Bordone
2585 2261 2690 2341 qd.
2806 2333 2811 2339 ,

224 2360 605 2422 Benvenuti
646 2358 732 2419 ab
772 2359 1151 2437 episcopam
1192 2360 1259 2418 in
1300 2357 1657 2418 Gambasso
1698 2357 1984 2432 tenebat,
2029 2378 2145 2436 pro
2199 2358 2435 2420 XVIII
2477 2359 2689 2420 statiis

224 2459 418 2540 grani
460 2457 691 2520 dandis
733 2457 801 2517 in
840 2455 983 2516 fest.
1026 2475 1079 2516 s.
1109 2456 1309 2516 Mar-ie
1336 2455 1416 2515 de
1447 2475 1589 2534 aug.
1675 2455 1819 2515 Act.
1866 2455 2240 2533 Berignone.
2328 2455 2566 2518 Iacobo
2595 2475 2694 2516 ar-

226 2553 551 2634 chipresb.
576 2553 753 2614 Vult.
798 2553 1183 2634 Ingheramo
1225 2553 1329 2632 qd.
1375 2551 1691 2613 Albertini
1732 2553 1812 2613 de
1852 2553 2182 2614 Caseiaio.
2225 2553 2426 2616 Lotto
2467 2553 2695 2614 clerico

226 2655 311 2713 de
352 2653 579 2712 Monte
620 2653 929 2714 Voltraio.
976 2651 1212 2711 Iacobo
1242 2643 1555 2712 Guidonis
1582 2649 1828 2712 Gallete
1856 2651 1936 2710 de
1963 2651 2298 2714 Ubertinis
2339 2657 2420 2710 tt.
2505 2651 2692 2712 Lam·

226 2749 457 2811 bertus
501 2749 750 2810 Braccii
792 2747 1181 2808 Francobari
1224 2753 1359 2808 not.

563 2845 723 2908 Volt.
770 2845 1007 2906 AVesc.
1052 2865 1103 2905 8.
1148 2844 1338 2904 XIII
1378 2846 1498 2906 dec.
1530 2846 1569 2906 6
1598 2866 1656 2906 n.
1692 2846 1768 2906 73
1794 2845 1964 2922 Oriq.
1997 2844 2179 2906 Liber
2197 2845 2436 2906 {urium
2465 2845 2565 2906 12'
2592 2848 2690 2906 cit.

227 3141 371 3202 709.
1628 3139 1996 3215 Beriqnone
2040 3139 2081 3198 3
2121 3139 2467 3216 September
2507 3139 2682 3200 1260.

352 3237 747 3298 Raineriu
768 3257 799 3298 s
834 3237 1010 3297 Vult.
1042 3237 1282 3296 electus
1310 3238 1643 3296 revocavit,
1671 3243 2043 3314 preceptum
2073 3236 2322 3296 factum
2353 3237 2684 3313 potestati,

225 3335 497 3396 consilio
538 3340 605 3394 eb
646 3336 903 3394 comuni
944 3333 1261 3404 Monterii,
1308 3341 1381 3392 ut
1424 3353 1553 3394 non
1595 3333 1997 3394 destruerent)
2052 3334 2276 3394 domos
2332 3333 2562 3411 burghi
2606 3334 2687 3396 de

223 3433 571 3506 MonteriO,
614 3451 775 3510 quas
816 3433 1145 3492 occasione
1186 3432 1462 3493 heretice
1503 3433 1849 3510 pravitatis
1890 3432 2210 3492 Iohannes
2253 3432 2332 3494 de
2375 3433 2566 3494 Oliva‘
2617 3440 2685 3494 et

222 3531 429 3591 frater
467 3529 923 3608 Compangnus
964 3528 1045 3588 de
1087 3529 1282 3589 Prato
1325 3530 1731 3607 inquisitores
1772 3549 1964 3608 super
2019 3529 2300 3591 heretica
2354 3532 2682 3608 pravitzate

223 3627 707 3688 sententiarum
746 3626 1011 3698 destrui,
1055 3633 1122 3687 eb
1176 3626 1351 3686 aliud
1406 3627 1806 3698 mandatum,
1868 3633 1942 3686 ut
1999 3627 2046 3688 C
2101 3627 2294 3688 libras
2345 3628 2602 3689 habitas
2648 3650 2688 3690 a

222 3724 556 3786 Rainaldo
582 3723 923 3799 Bonianni‚
952 3724 1279 3801 depositas
1305 3724 1385 3786 de
1414 3725 1724 3786 mandato
1758 3726 2080 3786 dictorum
2108 3727 2284 3806 apud
2314 3745 2481 3803 mag.
2515 3727 2684 3787 Bon-

222 3830 545 3900 tempum,
589 3819 992 3882 Bernardum
1034 3822 1360 3883 Michaelis
1404 3827 1472 3896 et
1528 3821 1927 3883 Boristorum
1983 3822 2275 3902 Pagalosi
2330 3821 2488 3883 nulli
2543 3823 2684 3882 dari

220 3920 695 3996 permitterent,
739 3919 1054 3980 mandans
1096 3919 1597 3982 destruct-ionem
1640 3920 1976 3982 domorum
2020 3929 2085 3981 et
2127 3923 2604 3982 re5titutionem
2637 3922 2686 3982 C

223 4016 329 4076 lib.
416 4015 565 4075 Act.
610 4015 989 4095 Berignone.
1074 4015 1331 4077 Herveo
1350 4017 1657 4078 canonico
1686 4015 2031 4078 Venetensi
2049 4022 2116 4076 et
2159 4017 2508 4078 Guelfredo
2551 4019 2686 4096 ple·

220 4112 397 4173 bano
436 4133 487 4172 S.
536 4111 888 4172 Eleutherii
932 4117 1011 4172 tt.
1099 4111 1405 4180 MCOLX‚
1437 4113 1566 4172 ind.
1599 4111 1761 4182 IIII,
1792 4112 1899 4173 III
1936 4133 2083 4175 non.
2117 4121 2278 4190 sept.
2349 4113 2678 4175 Ildebran-

222 4210 415 4270 dinus
456 4210 565 4288 qd.
612 4209 881 4270 Gerardi
922 4216 1057 4272 not.

554 4307 714 4368 Vozt.
759 4307 999 4369 AVesc.
1046 4327 1096 4367 8.
1142 4306 1332 4366 XIII
1370 4307 1488 4367 dec,
1525 4307 1564 4367 6
1604 4327 1666 4368 n.
1716 4309 1791 4368 74
1834 4309 2005 4386 Oriy.
2091 4309 2204 4368 Ed.
2251 4309 2471 4370 Glaclzi
2523 4311 2686 4370 ¹178

547 4429 627 4458 z:
652 4405 673 4436 ²
696 4405 836 4465 491.

228 4617 367 4678 710.
1646 4585 2070 4688 Voltcrra‚‘15
2109 4619 2456 4698 September
2497 4621 2676 4680 1260.

344 4715 428 4774 In
468 4715 729 4775 consilio
773 4711 1181 4776 antianoruni
1228 4717 1394 4776 Volt.
1442 4717 1681 4794 populi,
1729 4717 1863 4776 XII
1908 4716 2246 4787 credentie,
2280 4718 2332 4777 L
2363 4718 2674 4778 bonorum

224 4811 557 4874 hominum
600 4813 685 4872 ad
727 4813 1106 4891 petitionem
1169 4812 1585 4875 Gna-lterii
1646 4813 1739 4872 de
1801 4814 2075 4875 Monte
2137 4815 2482 4878 consiliarii
2541 4816 2676 4876 sive
