3817 5642
1127 560 1197 611 84
1336 626 1348 631 -
1772 556 2213 613 REGESTUM
2255 556 2944 659 VOLATERR—ANUM

1360 654 1399 657 —
1440 653 1487 659 ..-
1564 652 1729 659 --μ

1125 754 1264 814 243.
2459 752 2782 828 (voltam,
2827 752 2868 814 8
2908 755 3173 831 Septem
3190 774 3253 813 er
3292 756 3479 833 1197)
3520 762 3583 830 ).

1245 850 1508 925 Pand(
1527 848 1788 927 ulfus)
1837 850 1971 911 XII
2016 856 2225 928 apost.
2270 849 2477 929 presb.
2522 850 2717 924 card„
2762 870 2868 930 ap.
2911 850 3077 913 sedis
3121 852 3389 931 legatus
3426 856 3587 932 quia

1125 968 1174 1009 e.
1221 950 1399 1025 virgo
1441 948 1644 1008 Maria
1685 948 2021 1027 magnifice
2063 946 2295 1007 colitur
2336 947 2510 1026 apud
2550 946 2902 1019 valteri-ae,
2946 949 3011 1007 in
3052 948 3155 1009 die
3210 952 3585 1010 nativitatis

1122 1046 1406 1108 eiusdem
1451 1044 1535 1109 ad
1574 1044 1904 1107 ecclesiam
1947 1044 2124 1107 Vult.
2172 1044 2578 1107 venientibus
2620 1046 2683 1106 in
2726 1046 2831 1107 die
2872 1044 3051 1107 dicta
3102 1051 3169 1106 et
3208 1040 3453 1108 extunc
3495 1050 3585 1109 ad

1125 1150 1272 1205 octo
1311 1144 1446 1205 dies
1489 1142 1621 1203 XX
1662 1143 1797 1203 diee
1837 1140 1919 1203 de
1960 1143 2319 1221 penitentia
2360 1143 2742 1204 relaxamus

1453 1240 1602 1302 Vola.
1631 1239 1847 1318 ACap.
1871 1261 1933 1301 n.
1963 1240 2087 1301 220
2106 1240 2274 1317 Oriy.
2312 1240 2543 1317 (Sieyel
2568 1238 2957 1318 beschc'idiqt).
3036 1241 3237 1319 Verql.
3262 1242 3447 1304 Cinci
3473 1242 3583 1303 85.

1123 1437 1262 1498 244.
2642 1432 2941 1507 Laiatico,
2984 1436 3067 1496 27
3108 1436 3355 1513 Auqmt
3395 1437 3579 1498 1198.

1243 1529 1616 1593 Gualandus
1656 1531 1736 1592 de
1783 1532 2065 1592 Buriano
2106 1534 2211 1609 qd.
2258 1530 2712 1606 Mnamschusi‚
2760 1530 3103 1593 Benericus
3156 1533 3260 1611 qd.
3304 1530 3584 1611 malpilii

1121 1627 1346 1690 arbitri
1387 1628 1572 1689 electi
1602 1627 1685 1689 ab
1713 1626 1971 1689 Ubaldo
2014 1628 2070 1688 b.
2118 1649 2199 1689 m.
2244 1630 2521 1707 archiep.
2570 1630 2805 1689 Pisano
2845 1636 2912 1689 et
2954 1630 3294 1691 Pinocchio
3336 1636 3401 1690 et
3436 1628 3581 1689 Ste-

1121 1727 1274 1787 fano
1315 1726 1798 1789 consulibus
1841 1726 2058 1787 Vult.
2102 1746 2219 1803 pro
2260 1746 2328 1786 ee
2368 1733 2436 1787 et
2476 1728 2665 1787 sociis
2702 1746 2927 1805 pacem
2958 1728 3125 1787 inter
3150 1726 3579 1787 Lambertum

1121 1824 1226 1903 qd.
1271 1823 1598 1884 Lamberti
1643 1825 1896 1884 maioris
1938 1823 2020 1884 de
2060 1822 2489 1885 Montevaeeri
2530 1824 2612 1885 de
2653 1823 2709 1883 le
2738 1824 2919 1897 Mele,
2949 1824 3033 1885 de
3072 1822 3450 1903 Ripalbella,
3492 1824 3577 1885 de

1117 1922 1337 1985 Strido
1376 1940 1493 2002 pro
1533 1930 1719 1999 parte
1759 1921 2038 1999 archiep.
2083 1928 2153 1982 et
2194 1940 2311 2000 pro
2354 1940 2625 1983 comune
2666 1923 3141 2000 componimus:
3184 1920 3575 1983 Lambertus

1117 2040 1236 2099 pro
1277 2042 1344 2081 ee
1383 2027 1448 2080 et
1477 2017 1844 2082 hominibus
1873 2022 1955 2081 de
1982 2020 2172 2080 dictis
2198 2018 2352 2081 locis
2380 2038 2605 2098 pacem
2635 2025 2857 2081 teneat
2880 2018 3246 2082 hominibus
3274 2018 3352 2079 de
3390 2020 3575 2080 Vult.

1119 2120 1204 2180 ad
1245 2120 1308 2179 X
1352 2138 1590 2191 annos;
1634 2119 1788 2179 item
1831 2118 2121 2178 consules
2162 2136 2281 2195 pro
2310 2136 2377 2177 se
2402 2124 2471 2177 et
2514 2117 2881 2180 hominibus
2921 2118 3001 2178 de
3030 2116 3203 2177 Vult.
3248 2126 3315 2178 et
3354 2119 3569 2179 iurent

1116 2218 1205 2277 sic
1249 2218 1505 2277 mittere
1544 2216 1612 2277 in
1650 2218 2025 2276 constituto.
2058 2214 2123 2275 Si
2153 2214 2539 2277 Lambertus
2569 2216 2881 2277 dimiserit
2910 2216 3007 2275 vel
3055 2214 3337 2278 amiserit
3363 2216 3573 2275 domi-

1117 2321 1345 2375 natum
1388 2314 1691 2386 locorum,
1735 2314 1957 2375 dicant
1998 2311 2493 2391 archiepiscop0,
2530 2318 2603 2372 ut
2631 2311 2832 2372 faciat
2859 2314 3067 2379 iurare
3096 2331 3319 2391 pacem
3348 2314 3425 2375 ei.
3459 2314 3575 2389 qui

1116 2432 1235 2491 pro
1259 2432 1336 2473 eo
1364 2414 1593 2475 missus
1621 2412 1830 2474 fuerit.
1895 2414 2036 2473 Act.
2070 2410 2376 2473 Laiatico.
2432 2410 2757 2473 Curadino
2784 2412 2889 2489 qd.
2918 2410 3207 2473 Curradi.
3237 2409 3571 2472 Ildebran-

1115 2510 1268 2572 dino
1297 2510 1400 2590 qd.
1435 2510 1834 2572 Bainuccini.
1859 2510 2215 2571 Gerardino
2248 2509 2353 2589 qd.
2379 2508 2700 2570 Gualandi
2736 2515 2812 2569 tt.
2897 2506 3571 2581 MCLXXXXVIIII,

1115 2607 1242 2669 ind.
1287 2608 1342 2683 Ι,
1387 2606 1480 2669 VI
1521 2607 1644 2669 kal.
1690 2614 1850 2685 sept.
1936 2606 2319 2685 Negotiator
2362 2606 2580 2685 Enrigi
2624 2606 3013 2684 imp.‘iud‹=x
3055 2613 3122 2667 et
3162 2612 3295 2667 not.

1435 2705 1691 2765 Florenz
1734 2704 1882 2764 Ast.
1932 2704 2116 2779 (Volt.
2161 2702 2325 2763 1199
2368 2701 2549 2764 VIII
2590 2704 2689 2776 27,
2734 2722 2792 2763 n.
2838 2702 2941 2779 55)
2980 2702 3148 2780 Oriq.
3232 2702 3347 2763 Ed.
3394 2702 3569 2762 Μαί·

1433 2802 1594 2863 tham·
1635 2802 1798 2862 Eccl.
1841 2801 1973 2862 Pis.
2020 2800 2184 2861 Hist.
2229 2802 2267 2861 I
2311 2799 2404 2861 69.

1113 2966 1256 3031 246.
2670 2960 2901 3032 Fiam,
2946 2960 2984 3021 4
3026 2958 3345 3020 Dezember
3384 2958 3566 3019 1198

1233 3060 1880 3124 Oavalcalambardus
1899 3060 2005 3137 qd.
2036 3058 2294 3130 Tiniosi‚
2326 3057 2711 3119 Lambertus
2738 3057 2841 3134 qd.
2872 3055 3385 3131 Ild(ebmndini),
3418 3056 3569 3116 Gal·

1113 3178 1314 3239 genus
1354 3159 1464 3237 qd.
1509 3156 1931 3229 Gualandelli,
1976 3154 2229 3217 Gentile
2272 3155 2375 3233 qd.
2421 3154 2737 3234 Sighierii‚
2766 3153 3225 3216 Gualandellus
3250 3161 3319 3213 et
3344 3152 3571 3233 Sighe-

1111 3258 1240 3319 rius
1263 3256 1367 3334 qd.
1392 3256 1677 3334 Sigherii‚
1703 3253 2355 3317 Cavaloalambardus
2383 3254 2487 3331 qd.
2520 3252 2849 3331 paganelli
2876 3254 3272 3321 iuraverunt,
3300 3252 3571 3328 quando

1111 3355 1455 3417 conventio
1495 3353 1670 3414 facta
1710 3351 1836 3413 fuit
1878 3354 2048 3412 inter
2090 3371 2197 3413 eos
2238 3358 2305 3410 et
2346 3350 2693 3430 Ugolinum
2736 3350 2819 3411 de
2857 3350 3051 3410 Petra
3078 3350 3161 3409 de
3194 3348 3569 3409 vendit-ione

1114 3454 1300 3515 Petre
1329 3452 1618 3531 Raninge
1647 3452 1736 3510 eis
1763 3450 2077 3521 facienda,
2102 3448 2439 3511 observare
2462 3448 2791 3527 pactiones
2809 3447 3019 3509 factas
3038 3444 3123 3507 ab
3144 3445 3420 3524 Ugolino
3448 3465 3570 3523 pro

1111 3552 1306 3612 Petra
1343 3550 1636 3628 Ram’nga
1671 3568 1817 3608 cum
1848 3547 2159 3608 Uberto
2194 3547 2299 3625 qd.
2340 3548 2599 3609 Pariscii
2636 3548 2718 3607 de
2752 3545 2932 3607 Luca
2957 3553 3111 3605 tunc
3154 3543 3379 3603 Vult.
3428 3563 3564 3622 po—

1113 3654 1426 3711 testate
1444 3698 1458 3721 ,
1484 3653 1672 3709 tanto
1698 3646 1860 3725 plus,
1892 3652 2140 3724 quanto
2168 3646 2311 3725 plus
2341 3644 2779 3705 Bonafidanza
2812 3644 2915 3721 qd.
2946 3642 3313 3720 Lamprecti
3352 3642 3569 3719 pact-is

1109 3746 1569 3826 prenominatis
1612 3744 1804 3805 vellet
1845 3745 2225 3822 adiungere3
2270 3748 2615 3805 teneantur
2656 3740 2904 3801 salvare
2944 3739 3235 3799 homines
3256 3737 3354 3798 .de
3384 3738 3561 3798 Vult.

1111 3847 1178 3907 in
1219 3850 1362 3907 tot-e.
1401 3844 1596 3904 fortia
1636 3844 1702 3903 in
1743 3850 1956 3903 castro
1996 3841 2076 3901 de
2116 3840 2573 3901 Montetiniosi.
2686 3836 3315 3909 MCLXXXXVIIL
3358 3836 3567 3914 pridie

1112 3963 1255 4006 non.
1300 3944 1454 4015 deo,
1502 3942 1628 4003 ind.
1671 3942 1760 4001 II.
1811 3942 1985 4001 ·Act.
2032 3940 2099 3998 in
2138 3940 2453 3998 comitatu
2483 3937 2659 3998 Vult.
2691 3938 2878 3997 iuxta
2902 3942 3185 3997 castrum
3214 3932 3405 3995 Petre
3432 3934 3560 3993 Ra-

1109 4043 1322 4121 ninge.
1389 4040 1777 4101 ·Franciesco
1806 4039 1886 4099 de
1914 4036 2133 4097 Monte
2149 4036 2463 4097 Vultraio.
2481 4034 2755 4113 Ugolino
2778 4034 2883 4111 qd.
2909 4032 3277 4093 Bonacorsi.
3300 4030 3565 4091 Andnea

1106 4147 1238 4201 not.
1283 4140 1364 4199 de
1407 4139 1645 4200 Sancto
1685 4137 2083 4197 GeminianO.
2130 4132 2447 4195 Stantiolo
2490 4134 2597 4211 qd.
2642 4130 3005 4193 Baldovini.
3048 4128 3352 4207 Mugnaio
3407 4126 3561 4189 Rai-

1107 4238 1285 4299 nerii.
1329 4235 1646 4297 Trebaldo
1686 4235 1766 4296 de
1809 4230 2046 4293 Sancto
2088 4230 2377 4291 Miniato.
2463 4230 2787 4309 Henrigus
2828 4229 2979 4306 imp.
3026 4233 3157 4287 not.

1427 4334 1685 4393 Florenz
1727 4330 1875 4391 Ast.
1925 4329 2108 4405 (Volt.
2156 4349 2213 4389 n.
2258 4328 2361 4405 51)
2406 4326 2575 4403 Oriq.

1253 4533 1295 4595 ²)
1338 4520 1477 4579 Uber
1511 4530 1615 4579 den
1651 4529 1742 4577 Ort
1780 4527 1894 4576 und
1929 4526 2016 4577 die
2052 4526 2167 4575 Zeit-
2192 4524 2507 4574 Dat-idsohn
2532 4522 2916 4585 For-achantum
2948 4520 2983 4570 I
3019 4522 3137 4571 131.
3225 4518 3327 4569 1012
3358 4518 3563 4567 ”⁸6ch

1106 4620 1252 4673 nicht
1286 4620 1386 4669 mit
1420 4618 1536 4668 ihm
1571 4618 1689 4665 eim
1723 4616 1982 4665 verforene
2018 4614 2317 4675 Indu'qenz
2358 4610 2627 4670 Pandam
2660 4612 2755 4671 fiir
2790 4611 2895 4661 den
2930 4610 3180 4672 Huyotaq
3212 4622 3315 4657 auo
3336 4605 3431 4656 der
3456 4606 3559 4655 Er·

1103 4710 1390 4770 weitai-unq
1430 4705 1647 4763 Bi-echos
1685 4706 1904 4765 Paqam
1933 4706 2121 4764 (unfen
2146 4717 2199 4751 n.
2230 4704 2356 4763 576)
2392 4701 2612 4762 folyerm
2643 4700 2873 4749 condem
2895 4699 3037 4747 dicae
3059 4697 3154 4756 fiir
3178 4696 3333 4745 einen
3356 4692 3561 4743 unklar

1103 4797 1526 4860 amqedrtzckten
1562 4794 1754 4843 Zmatz
1795 4793 2016 4853 Paqane
2052 4792 2243 4839 ha'ten.
2320 4790 2478 4839 Siehe
2513 4789 2653 4838 auch
2690 4789 2949 4837 Leontini
2988 4788 3106 4839 2³24.
