3817 5642
856 599 1301 655 REGESTUM
1340 601 1387 652 V
1396 600 1476 652 01
1482 599 1660 652 ,ATE
1676 601 1721 652 P.
1736 601 1749 650 l
1764 601 1895 651 :AN
1911 599 2022 652 ΟΜ
2561 599 2664 651 223

206 821 283 860 ex
316 819 447 860 una
476 803 659 877 parte
688 804 755 858 et
782 797 1111 858 Ubaldum
1140 805 1207 858 et
1235 795 1545 857 Iacobum
1577 797 1657 856 de
1684 796 1871 856 Turri
1899 805 1967 855 et
1994 801 2318 854 consortes
2341 799 2406 852 et.
2433 795 2665 854 Boniu-

206 905 507 960 cuntrum
552 897 869 958 sindicum
913 897 1203 973 magistri
1249 894 1565 957 Leonardi
1594 899 1661 956 et
1691 894 1909 954 Iacobi
1942 894 2146 954 Guelfi
2175 893 2256 953 dc
2286 893 2524 954 Sancto
2552 893 2667 952 Mi-

204 999 389 1056 niato
415 1015 495 1054 ex
526 994 728 1055 altera
757 993 1032 1072 plebano
1074 1013 1121 1052 s.
1169 993 1401 1071 Reguli
1444 992 1615 1052 Vult.
1644 995 1689 1068 ¹)
1732 991 1915 1065 dioc„
1962 991 2306 1051 diffinitiva
2349 993 2667 1050 sententia

204 1093 327 1152 sibi
356 1099 698 1152 reservata.
786 1091 925 1150 Act.
970 1089 1231 1150 ibidem.
1320 1089 1595 1166 Ugolino
1636 1090 1746 1167 qd.
1794 1089 1994 1149 Guizi.
2041 1087 2306 1148 Fiducio
2347 1087 2666 1147 Rainaldi.

208 1193 448 1249 Amato
477 1187 857 1248 Marchiselli
884 1187 965 1246 de
994 1207 1039 1246 s,
1074 1187 1265 1246 Petro
1295 1189 1359 1245 in
1390 1185 1553 1246 Seve
1596 1193 1671 1246 tt..
1758 1185 2203 1246 Thomasinus.
2291 1183 2360 1243 II
2403 1185 2524 1244 ian.
2571 1203 2666 1243 ex.

208 1285 503 1347 Ubaldus
532 1288 872 1363 inquisitor
901 1283 1159 1345 Ubaldo
1188 1305 1302 1362 pro
1332 1305 1415 1356 sc,
1448 1284 1800 1356 Gualterio,
1832 1282 2092 1356 Iacob0‚
2134 1283 2561 1360 Engerammo
2587 1283 2670 1342 de

204 1385 415 1455 Turri,
470 1403 747 1460 quorum
804 1382 1083 1442 sindicus
1140 1389 1257 1454 est,
1302 1391 1369 1443 et
1415 1383 1853 1442 Bonincontro
1895 1381 2003 1460 qd.
2049 1381 2366 1442 Francisci
2427 1379 2671 1440 sindico

208 1483 499 1554 magistri
544 1481 855 1540 Leonas-di
896 1487 967 1541 et
1010 1481 1228 1540 Iacobi
1271 1475 1477 1540 Guelfi
1534 1481 1613 1538 de
1670 1487 1882 1539 castro
1937 1480 2158 1539 Sancti
2201 1479 2562 1540 Geminiani
2603 1485 2672 1537 et

207 1581 483 1640 Iohanni
525 1578 803 1656 plebano
843 1578 925 1638 de
966 1559 1443 1656 Ripaniaranza
1483 1579 1728 1637 sindico
1772 1577 2230 1652 (Rainerii)
2273 1575 2460 1636 electi
2496 1575 2668 1634 Vult.

206 1680 287 1736 ad
333 1677 741 1738 concordiam
786 1679 1133 1736 terminum
1162 1675 1247 1735 ad
1278 1677 1641 1753 proximum
1684 1693 1966 1736 mensem
2015 1673 2418 1754 prorogavit3
2462 1673 2516 1734 si
2545 1693 2672 1734 non

208 1780 375 1834 esset
402 1774 623 1834 facta'
610 1795 675 1833 m
704 1773 827 1832 kal.
860 1781 1068 1834 murt..
1103 1771 1385 1833 debeant
1414 1791 1627 1832 coram
1660 1770 1938 1850 plebano
1959 1791 2005 1830 s.
2033 1770 2263 1850 Reguli
2287 1789 2668 1848 comparere.

209 1873 349 1933 Act.
398 1871 657 1932 ibidem.
746 1837 1191 1932 Bonincuntro
1233 1871 1335 1950 qd
1386 1869 1722 1931 Francisci.
1764 1868 2058 1947 Ugolino
2099 1869 2338 1929 Iudicis
2381 1868 2462 1927 dc
2509 1871 2667 1930 Flor.

208 1971 413 2030 Tucio
452 1969 559 2047 qd.
605 1970 829 2030 Bonizi
870 1969 953 2029 de
994 1967 1156 2028 Flor.
1203 1973 1281 2028 tt.
1368 1967 1813 2028 Thomasinus

543 2066 699 2127 Volt.
746 2065 988 2128 AVecc.
1030 2087 1081 2126 ε.
1126 2065 1316 2126 XIII
1360 2065 1479 2126 dec.
1525 2066 1565 2125 6
1604 2083 1668 2126 n.
1716 2065 1795 2126 57
1834 2065 2010 2142 Oria.

208 2275 351 2334 678.
1778 2271 2004 2342 Lacca,
2047 2271 2128 2332 25
2169 2271 2446 2330 Februar
2488 2269 2744 2333 1257..

330 2370 651 2430 Henricus
694 2309 991 2430 Lucanus
1034 2389 1127 2446 ep.
1176 2369 1366 2430 iudex
1410 2368 1742 2448 delegatus
1784 2389 1990 2448 pape
1978 2372 2022 2443 “)
2057 2367 2418 2444 (Nicholao)
2449 2368 2674 2427 abbati

210 2489 255 2529 s
302 2469 477 2528 Iusti
520 2467 691 2528 Vult.
774 2468 937 2528 Cum
982 2467 1391 2536 Ranerius
1434 2465 1675 2528 electus
1716 2465 1889 2527 Vult
1935 2487 1974 2528 a
2019 2465 2202 2527 uobis
2245 2467 2566 2545 petiverit,
2597 2473 2675 2526 ut

212 2565 539 2626 vendendi
578 2564 659 2624 de
700 2565 883 2624 bonis
924 2566 1332 2643 episcopatus
1372 2563 1495 2624 sibi
1523 2563 1851 2624 licentiam
1880 2562 2325 2636 concedamus,
2357 2561 2508 2641 quia
2537 2563 2671 2644 plu·

208 2664 391 2724 ribus
432 2664 732 2740 occupati
758 2661 1092 2722 intendere
1120 2679 1249 2723 non
1278 2680 1617 2740 possumus
1647 2661 1730 2720 ad
1757 2662 2239 2739 inquisitionem
2268 2681 2384 2721 nec
2414 2667 2677 2739 propter

210 2761 333 2820 loci
360 2759 745 2819 distantiam
774 2758 1109 2819 commode
1136 2777 1251 2836 por
1290 2777 1407 2818 nos
1438 2757 1640 2831 ficret,
1676 2759 2081 2830 mandamu8‚
2115 2765 2436 2835 quatenus
2462 2758 2540 2816 de
2569 2758 2673 2816 cle-

208 2859 502 2918 bitorum
546 2857 1027 2934 quantitatibus
1068 2857 1406 2934 causisque
1434 2867 1501 2916 et
1528 2857 1609 2915 de
1638 2856 2141 2934 possessionibus
2173 2858 2382 2915 minus
2407 2853 2676 2916 utilibus

209 2955 313 3014 vel
358 2953 689 3014 damnosis
716 2953 864 3013 eccl.
898 2951 1069 3013 Vult.
1118 2954 1455 3034 inquirat-is
1500 2959 1585 3020 et,
1618 2973 1743 3030 que
1772 2954 2170 3024 inveneritis,
2202 2952 2432 3012 litteris
2463 2960 2677 3012 vesti-o

206 3052 421 3131 sigillo
442 3051 674 3110 clausis
696 3051 1075 3111 rescribatis.
1160 3051 1312 3110 Dat.
1327 3051 1498 3111 Luce
1520 3049 1892 3120 MCCLVII,
1918 3047 1974 3110 V
1997 3049 2121 3110 kal.
2150 3056 2358 3122 mart„
2383 3051 2510 3110 ind.
2533 3049 2672 3109 XV.

544 3149 746 3208 Insert
786 3149 855 3208 in
898 3169 962 3208 n.
1008 3149 1127 3208 679
1172 3149 1407 3222 (littere
1450 3149 1721 3227 sigillate
1764 3149 1972 3228 sigillo
2013 3167 2196 3208 cereo
2223 3148 2530 3228 pendenti
2571 3167 2673 3226 ep.

544 3249 713 3316 Luc„
746 3248 811 3306 in
840 3266 967 3325 quo
996 3251 1136 3306 erat
1163 3265 1399 3326 ymago
1430 3267 1525 3325 ep.
1559 3248 1960 3307 circumdata
1981 3246 2080 3308 his
2102 3247 2322 3308 literis:
2353 3247 2394 3325 †
2417 3247 2477 3307 S.
2505 3245 2676 3306 Hen-

539 3347 653 3404 rici
718 3330 825 3423 epi
895 3343 1177 3417 Lucani;
1243 3351 1683 3422 representat-,e
1708 3393 1720 3405 .
1751 3392 1762 3404 .
1832 3344 2058 3406 abbati
2119 3347 2186 3405 in
2253 3345 2673 3423 Beringnonc,

540 3440 877 3514 MCCLVI,
924 3443 1054 3503 ind.
1100 3441 1242 3512 XV,
1288 3443 1379 3502 VI
1424 3461 1573 3501 non.
1622 3449 1809 3502 mart.
1838 3447 1905 3516 ⁸),
1951 3441 2218 3502 Alberto
2275 3441 2550 3521 plebano
2598 3441 2680 3500 de

544 3540 837 3601 Gerfalco
877 3546 943 3600 ct
986 3539 1325 3619 Ingeramo
1368 3540 1446 3598 (lc
1488 3539 1787 3600 Certaldo
1828 3544 1960 3615 tu).

203 3747 361 3808 679.
806 3745 941 3806 San
985 3745 1366 3823 Gimiqnano
1410 3747 1541 3805 und
1593 3747 1889 3818 Volterra‚
1936 3747 1975 3808 3
2017 3747 2148 3808 und
2191 3749 2228 3808 4
2273 3747 2456 3807 Mdrz
2497 3747 2677 3808 1257.

344 3845 695 3906 Nicholaus
722 3843 923 3906 abbas
952 3866 998 3903 s.
1032 3845 1195 3904 lusti
1226 3843 1397 3904 Vult.
1432 3865 1509 3904 cx
1539 3849 1930 3906 auctoritate
1953 3847 2212 3906 Henrici
2235 3865 2331 3923 ep.
2365 3845 2604 3906 Luca-ni
2633 3849 2677 3922 ⁴)

200 3945 603 4022 inquirimus
646 3959 837 4020 super
878 3944 1245 4020 quantitate
1289 3942 1651 4003 debitorum
1695 3944 2246 4022 episcopatus.
2281 3943 2518 4015 Vult.‚
2563 3961 2680 4021 pro

200 4039 459 4121 quibus
499 4039 737 4100 electus
779 4041 947 4119 petit
989 4037 1313 4100 licentiam
1364 4039 1677 4101 vendendi
1726 4039 1807 4100 de
1864 4041 2048 4101 bonis
2101 4043 2256 4101 eius
2303 4040 2680 4101 Invenimus

198 4139 518 4201 debitum
547 4137 979 4218 quadraginta
1008 4137 1255 4198 milium
1282 4137 1388 4198 lib.
1422 4156 1611 4216 super
1640 4139 2046 4211 Monterium‚
2074 4139 2244 4218 quod
2268 4141 2507 4199 electus
2528 4139 2681 4200 dare

198 4236 454 4298 debet:
497 4235 895 4312 Bentivegne
923 4235 1027 4312 qd.
1060 4233 1319 4313 Ugolini
1352 4237 1643 4296 Davanzi
1672 4235 1751 4295 de
1782 4235 1944 4295 Flor.
1979 4235 2212 4297 MCCX
2241 4235 2345 4295 lib.
2378 4238 2519 4296 den.
2553 4237 2676 4296 Pis.

200 4333 455 4392 minut.
480 4337 846 4392 contractas
875 4349 991 4409 pro
1018 4330 1415 4410 expediendo
1444 4332 1665 4392 debito
1688 4331 1891 4392 CCCL
1920 4331 2025 4392 lib.
2051 4333 2194 4394 den.
2229 4333 2375 4403 Pis„
2399 4351 2512 4411 pro
2545 4334 2678 4412 qui-

198 4431 345 4490 bus
378 4427 697 4489 debitores
725 4426 1109 4490 detinebant
1138 4429 1446 4508 capellam
1469 4431 1897 4507 episcopatuS,
1929 4431 2096 4489 med.
2123 4433 2304 4490 vince
2328 4436 2394 4489 et
2416 4443 2580 4491 terre
2602 4431 2681 4491 de

372 4617 419 4682 ¹)
456 4618 525 4668 de
562 4618 901 4668 MontaionO.
1085 4619 1130 4684 ⁸)
1170 4619 1314 4668 Obcn
1350 4635 1403 4668 n.
1446 4623 1564 4670 655.
1746 4619 1790 4685 θ)
1834 4623 1972 4672 1:257
2011 4621 2170 4670 Miirz
2210 4625 2257 4671 2.
2443 4621 2484 4684 ι)
2524 4621 2680 4670 Siehe

194 4709 357 4760 oben
414 4722 465 4758 n.
508 4709 611 4757 673
650 4708 763 4756 und
802 4708 933 4756 iiber
966 4709 1067 4758 das
1104 4723 1271 4770 qanze
1316 4709 1609 4769 Vcrfahren
1649 4727 1672 4758 e
1697 4711 1916 4758 Bistam
1951 4711 2065 4759 und
2106 4711 2526 4770 Geldwirtschast
2553 4734 2574 4760 »
2610 4713 2678 4758 ΙΙ

194 4795 472 4848 :mo-302.

2835 803 2868 821 ἢ
