3817 5642
1077 584 1178 635 124
1715 581 2157 635 REGESTUM
2198 581 2889 635 VOLATERRANUM

1074 776 1211 839 347.
2780 776 3076 850 Venena,
3111 777 3152 838 6
3176 777 3323 837 Μαί
3352 778 3535 839 1217.

1192 872 1581 945 MCCXVII,
1639 874 1768 935 ind.
1828 874 1904 947 V,
1952 874 2019 933 II
2076 894 2225 935 non.
2274 875 2445 935 mad.
2545 874 3029 936 Ildibrandinus
3084 874 3313 937 Romei
3354 876 3531 937 Vult..

1073 978 1362 1050 potestas
1402 971 1557 1031 fecit
1599 972 1985 1050 Upiozinum
2028 972 2304 1033 iudicem
2355 972 2461 1051 qd.
2508 972 2874 1035 Guidaloeti
2928 978 3407 1051 procuratorem
3446 973 3535 1033 ad

1073 1088 1296 1148 pacem
1339 1070 1474 1129 sive
1517 1075 1808 1146 treugam
1837 1068 2352 1147 componendam
2382 1071 2549 1131 inter
2576 1088 2849 1131 comune
2878 1078 2945 1130 et
2986 1070 3399 1149 Paganum
3428 1090 3531 1149 ep.

1073 1168 1248 1229 Vult.
1293 1174 1359 1227 et
1399 1165 1485 1228 ad
1525 1165 1840 1239 facienda,
1871 1184 1999 1247 que
2027 1168 2443 1229 continentur
2470 1169 2539 1229 in
2564 1167 2801 1229 licteris
2842 1168 3051 1229 missis
3092 1188 3130 1227 a
3172 1167 3537 1248 delegato¹)

1073 1263 1376 1325 abatibus
1416 1284 1465 1324 s.
1510 1264 1710 1325 Marie
1753 1264 2013 1325 maioris
2068 1264 2149 1325 de
2202 1264 2531 1327 Florentia
2584 1273 2651 1326 et
2706 1284 2756 1325 s.
2802 1264 2995 1334 Salvi,
3040 1272 3105 1325 et
3158 1265 3246 1325 ad
3298 1268 3532 1327 consti-

1071 1362 1386 1423 tuendum
1429 1366 1908 1439 procurat-orem
1952 1380 2171 1423 coram
2210 1362 2565 1439 (Rainerio)
2594 1382 2693 1441 ep.
2726 1363 3041 1425 Fesulano
3068 1369 3135 1423 et
3162 1364 3355 1425 dictis
3378 1363 3531 1423 aba·

1071 1459 1266 1521 tibus.
1351 1460 1494 1520 Act.
1540 1458 1716 1519 Vult.
1763 1460 1830 1521 in
1868 1458 2065 1520 domo
2096 1460 2410 1539 Angelerii
2442 1460 2551 1541 qd.
2579 1461 2909 1523 Tedeschi.
2994 1460 3271 1522 Strenua
3300 1460 3533 1521 Buras-

1071 1557 1220 1617 selli.
1266 1556 1640 1637 Ingerramo
1681 1556 1726 1617 f.
1774 1555 2224 1636 Bonparentis.
2272 1556 2599 1620 Ormanno
2644 1556 2927 1621 Ginaccii
2971 1564 3050 1617 tt.
3158 1558 3537 1619 Vincentius

1072 1676 1120 1715 s.
1167 1657 1319 1733 imp.
1363 1662 1500 1715 not.

1393 1752 1650 1811 Florenz
1679 1751 1830 1812 Asc.
1864 1751 2054 1827 (Volt.
2087 1772 2149 1813 n.
2183 1753 2327 1829 164)
2357 1752 2532 1831 Oriq.

1073 1906 1210 1965 348.
2636 1904 2932 1977 Volterra,
2963 1906 3044 1967 12
3072 1906 3321 1982 Auquet
3348 1906 3535 1966 1217.

1195 2004 1364 2063 Ptes.
1411 2004 1720 2081 magistro
1761 2000 2001 2062 Iacobo
2043 2002 2455 2079 archipresb„
2502 2004 2810 2081 magistro
2838 2000 3298 2079 Ild(ebrando),
3332 2003 3533 2083 magi·

1073 2106 1208 2161 stro
1251 2099 1526 2171 Mitidio,
1569 2096 1953 2170 Lausi-anco,
2000 2100 2308 2177 magistro
2352 2100 2605 2168 Pisano,
2646 2100 2949 2161 Rainerio
2976 2099 3153 2161 Vult.
3185 2119 3345 2171 can„
3378 2098 3535 2159 Ildi·

1074 2198 1320 2258 broeudo
1360 2196 1441 2257 de
1483 2196 1678 2269 Luca,
1725 2196 2024 2259 Rolando
2063 2198 2199 2257 eius
2240 2196 2309 2269 f.‚
2354 2203 2681 2275 potestate
2708 2204 2774 2257 et
2802 2195 3093 2275 pluribus
3130 2196 3209 2256 de
3244 2198 3533 2270 oonsilio,

1073 2296 1402 2357 Suffredus
1443 2313 1542 2371 ep.
1588 2294 1992 2355 Pistoriensis
2034 2294 2489 2375 subdelegatus
2519 2294 2891 2375 Hugonis
2940 2294 3421 2357 Hostiensis
3462 2301 3541 2355 et

1075 2390 1480 2452 velletrensis
1523 2390 1748 2467 (card.)
1791 2410 1916 2469 ep„
1961 2389 2157 2469 legati
2198 2411 2383 2469 pape,
2423 2391 2701 2452 absolvit
2746 2390 3260 2453 Ildibrandinum
3304 2392 3535 2452 Romei

1074 2490 1247 2550 Vult.
1293 2494 1706 2567 potestatem,
1749 2489 2085 2550 consilium
2126 2496 2197 2550 et
2237 2509 2457 2551 omnes
2484 2491 2620 2550 eius
2648 2490 2949 2550 officiales
2984 2490 3069 2551 ab
3096 2490 3537 2551 excommuni-

1072 2588 1326 2647 catione
1345 2592 1412 2647 et
1434 2585 1784 2648 interdictu
1813 2585 2003 2646 factis
2024 2586 2109 2646 ab
2140 2586 2457 2662 (Alberto)
2490 2586 2791 2649 Massano
2816 2606 2916 2665 ep.
2942 2593 3009 2646 et
3034 2586 3363 2649 Bernardo
3386 2606 3534 2648 can.

1071 2692 1138 2743 et
1180 2683 1264 2744 ab
1305 2702 1404 2761 ep.
1439 2682 1765 2760 (Bonfilio)
1795 2683 1943 2745 Sen.
1974 2690 2040 2744 et
2073 2683 2383 2761 (Pagano)
2412 2682 2615 2755 Vult„
2644 2685 2917 2762 receptis
2944 2684 3121 2762 prius
3153 2684 3541 2745 iuramentis

1071 2781 1433 2860 legiptimis,
1477 2786 1542 2839 et
1585 2780 1865 2842 absolvit
1893 2800 2111 2843 omnes
2142 2780 2431 2843 homines
2458 2781 2659 2852 Vult.,
2688 2786 3036 2843 contentus
3060 2782 3141 2843 de
3170 2782 3539 2843 iuramento

1071 2879 1248 2939 facto
1289 2880 1464 2957 prius
1507 2877 1707 2957 Opizo
1749 2877 2169 2957 subdelegato
2209 2880 2369 2940 dicti
2412 2879 2623 2957 legati,
2668 2885 2928 2939 servata
2967 2878 3226 2940 licentia
3268 2898 3435 2957 pape
3463 2886 3535 2939 et

1069 2976 1284 3055 legato
1322 2984 1390 3036 et
1432 2975 1554 3035 sibi
1597 2977 2007 3054 precipiendi.
2092 2976 2237 3035 Act.
2270 2976 2445 3039 Vult.
2477 2978 2545 3035 in
2573 2976 2722 3037 eccl.
2754 2996 2805 3035 s.
2835 2976 3053 3037 Marie.
3141 2974 3533 3048 MCCXVII,

1070 3072 1202 3135 ind.
1250 3074 1322 3147 V,
1368 3072 1438 3134 II
1481 3074 1566 3133 id.
1611 3094 1759 3155 aug.
1847 3073 2189 3135 Donzellus
2230 3077 2385 3153 imp.
2430 3074 2575 3133 aule
2616 3074 2811 3133 iudex
2852 3073 2986 3135 ord.
3032 3079 3099 3133 et
3138 3078 3275 3135 not.

1388 3171 1652 3233 Florem
1681 3172 1832 3231 Ast.
1869 3171 2061 3247 (Volt.
2096 3192 2155 3231 n.
2189 3171 2333 3247 169)
2377 3170 2550 3249 Oriy.
2636 3170 2754 3231 Ed.
2787 3171 2935 3231 Levi
2968 3170 3163 3231 ASoc.
3194 3170 3353 3230 Rom
3380 3168 3533 3230 XII

1073 3410 1210 3469 349.
2504 3410 2832 3486 (Volterra)
2859 3414 2925 3485 ²¹),
2957 3410 3038 3469 16
3068 3408 3317 3486 Auquet
3342 3409 3533 3469 1217.

1191 3506 1351 3569 Cum
1407 3526 1525 3585 pro
1581 3506 1897 3567 discordia
1954 3509 2121 3569 inter
2176 3508 2561 3585 P(aganum)
2619 3507 2796 3567 Vult.
2854 3526 2956 3585 ep.
3022 3512 3089 3566 et
3150 3504 3539 3567 castellanos

1071 3602 1290 3665 Sancti
1332 3604 1694 3665 Geminiani
1737 3624 1814 3665 ex
1861 3624 1995 3665 una
2029 3611 2215 3681 parte
2256 3611 2321 3663 et
2356 3603 2933 3683 Il(debrandinum)
2963 3603 3045 3664 de
3075 3604 3321 3665 Romeo
3350 3610 3537 3681 pote·

1068 3708 1306 3763 statem
1350 3702 1524 3761 Vult.
1571 3710 1632 3762 et
1681 3721 1951 3763 comune
1995 3704 2114 3781 ipsi
2159 3704 2529 3765 Vulterrani
2569 3705 2947 3765 iuraverunt
2988 3710 3159 3763 stare
3202 3702 3537 3762 mandatis

1067 3800 1326 3871 nostrie,
1368 3801 1480 3861 sed
1507 3806 1722 3861 castra
1762 3802 2063 3879 episcopi,
2109 3821 2235 3879 que
2262 3799 2616 3872 habebant,
2650 3800 2997 3877 (sinifredo)
3028 3819 3129 3879 ep.
3160 3799 3389 3860 Pistor.
3420 3798 3533 3859 de·

1071 3896 1284 3975 legato
1325 3905 1544 3958 nostro
1587 3898 1848 3959 reddere
1888 3903 2367 3971 recusaverunt,
2416 3918 2535 3961 nos
2578 3898 2894 3978 Hu(go)
2940 3898 3421 3959 Hostiensis
3463 3904 3537 3957 et

1069 3993 1229 4054 Vell.
1260 4014 1380 4073 ep„
1407 4013 1507 4072 ap.
1534 3996 1700 4055 sedis
1731 3996 1998 4074 legatuS,
2031 3998 2663 4057 excommunicamus
2692 3995 3295 4072 Il(debrandinum),
3324 3995 3533 4055 consi·

1070 4090 1282 4150 liarios
1326 4092 1585 4151 minoris
1625 4099 1691 4152 et
1737 4095 1995 4153 maioris
2035 4094 2280 4153 consilii
2320 4100 2386 4153 et
2424 4092 2711 4153 fautores
2746 4098 2945 4169 atque
2972 4094 3305 4151 civitatem
3333 4092 3532 4151 inter·

1069 4186 1244 4245 dicto
1287 4188 1723 4265 supponimus,
1809 4190 1951 4249 Act.
1998 4187 2421 4261 MCCXVIII,
2466 4188 2593 4248 ind.
2639 4188 2715 4260 V,
2760 4176 2959 4249 XVII
3006 4188 3130 4249 kal.
3180 4193 3341 4266 sept.
3428 4188 3537 4249 Fi·

1069 4283 1279 4363 lippus
1321 4285 1454 4344 ord.
1500 4284 1690 4345 iudex
1735 4294 1800 4345 et
1841 4293 1975 4347 not.

1388 4381 1654 4441 Florem
1685 4381 1831 4442 Ast:
1869 4382 2062 4458 (Vols.
2095 4404 2158 4443 n.
2190 4383 2335 4460 170)
2360 4383 2531 4460 Oriq.
2616 4383 2735 4442 Ed.
2766 4382 2917 4444 Levi
2946 4383 3145 4443 ASoc.
3170 4382 3349 4443 Rom.
3378 4381 3535 4443 XII

1391 4479 1529 4539 297.
1615 4480 1763 4556 Ray.
1809 4480 2129 4541 B.-F.-W.
2175 4481 2395 4541 12511.

1213 4692 1254 4755 ¹)
1291 4692 1430 4742 Dem
1466 4692 1950 4753 Kardinalbiechos
1988 4694 2153 4755 Huqo
2191 4710 2296 4744 von
2332 4694 2501 4754 Ostia,
2538 4696 2681 4745 siche
2719 4711 2775 4745 n.
2806 4697 2928 4747 345.
3006 4698 3047 4759 2)
3074 4696 3187 4747 Dor
3216 4696 3310 4747 Ort
3332 4695 3541 4759 erysibe

1066 4782 1182 4831 sich
1211 4798 1313 4830 aus
1337 4798 1392 4831 n.
1422 4784 1542 4833 405.
