3817 5642
1072 524 1177 573 286
1721 516 2097 572 REGESTU
2105 517 2165 569 M
2204 516 2255 567 V
2260 515 2365 569 ΟΙ
2374 514 2767 569 ATERRAN
2775 515 2827 568 1:
2834 514 2893 567 M

1075 718 1288 777 munis
1329 714 1552 775 retulit
1591 732 1660 775 se
1699 712 1954 774 dedisse
1996 712 2289 773 litteras'
2272 732 2339 773 m
2367 712 2635 773 civitate
2666 712 2839 773 Vult.
2872 714 3188 791 potestati
3228 712 3335 772 die
3377 713 3524 771 iovis

1074 815 1145 877 ΙΙ
1187 821 1346 894 sept.
1435 810 1833 875 Guillielmus
1878 810 2181 870 Bernaldi
2223 817 2355 870 not.

1394 909 1663 972 Florem
1707 909 1858 971 Ast.
1908 908 2099 984 (Volt.
2131 908 2293 968 1277
2332 907 2463 969 VII
2506 908 2565 980 5,
2600 928 2663 968 π.
2695 908 2879 985 1024)
2926 908 3347 985 qleiokzeitiye
3382 906 3527 984 Cep.

1399 1008 1538 1086 (aus
1593 1004 1744 1067 oben
1799 1026 1865 1067 n.
1924 1006 2045 1067 842
2104 1004 2372 1083 folqend,
2433 1014 2551 1067 ‘ex
2608 1008 2874 1085 registro
2914 1008 3207 1065 comunis
3264 1004 3431 1065 Flor.
3472 1025 3529 1063 a.

1393 1102 1906 1173 MCCLXXVII,
1954 1104 2084 1164 ind.
2132 1104 2277 1179 V').

1077 1244 1213 1301 845.
2720 1237 2897 1304 Pisa,
2939 1236 3021 1297 28
3062 1238 3317 1312 Auqust
3364 1236 3531 1295 1277.

1195 1337 1591 1398 Tarlatus
1633 1334 1714 1394 de
1744 1334 1955 1395 Aritio
1998 1334 2148 1393 Pis.
2192 1340 2591 1413 potestas,
2640 1334 2999 1395 Rainaldus
3036 1333 3117 1394 de
3160 1334 3334 1394 Riva
3368 1336 3531 1410 capi·

1077 1444 1310 1497 taneus
1349 1441 1417 1495 et
1457 1436 1594 1493 ant.
1601 1433 1706 1492 ani
1749 1432 1870 1493 Pis.
1917 1432 2139 1512 populi
2166 1432 2551 1504 consulibuS,
2582 1432 2862 1503 sindicis,
2893 1432 3157 1493 consilio
3184 1438 3253 1491 ct
3278 1432 3531 1492 eomuni

1077 1536 1158 1595 dc
1199 1533 1420 1611 Aquis.
1507 1530 1902 1601 Inliibemu3‚
1950 1550 2031 1590 ne
2074 1531 2139 1590 in
2196 1529 2426 1591 balneo
2468 1531 2547 1591 de
2588 1530 2791 1609 Aquis
2844 1532 3109 1609 eiusque
3164 1530 3535 1608 aqueductu

1079 1632 1144 1690 ln
1185 1628 1612 1711 preiudicium
1655 1626 1780 1687 Pis.
1827 1628 2119 1687 comunis
2160 1634 2227 1687 et
2270 1626 2535 1689 abbatie
2573 1626 2657 1688 de
2708 1626 3007 1688 Mon-ona
3056 1628 3389 1687 novitates
3442 1624 3533 1685 fa-

1079 1728 1287 1798 ciatis,
1331 1724 1866 1801 mandamusque,
1907 1730 1985 1784 ut
2026 1726 2353 1785 novitates
2394 1724 2602 1784 factas
2628 1726 2697 1785 in
2724 1724 2973 1795 balneo,
3002 1743 3193 1803 super
3226 1743 3359 1802 quo
3384 1730 3537 1783 sunt

1081 1823 1448 1887 molendina
1489 1822 1773 1893 abbatie,
1819 1822 2061 1883 destrui
2106 1822 2379 1883 faciatis.
2464 1822 3011 1891 MGCLXXVIIL
3040 1822 3171 1883 ind.
3202 1822 3280 1893 V,
3312 1822 3371 1883 V
3412 1821 3535 1881 kal.

1081 1922 1478 2003 septembris.

1411 2018 1564 2081 Volt.
1611 2017 1852 2079 AVese.
1895 2040 1947 2078 a.
1990 2018 2179 2081 XIII
2220 2018 2345 2080 dee.
2390 2020 2429 2080 8
2470 2040 2533 2079 π.
2580 2020 2655 2080 71
2698 2018 3105 2097 qleichzeitiqe
3144 2018 3303 2096 Gop.
3362 2018 3543 2095 (Rai-

1403 2118 1614 2179 nerius
1657 2116 1913 2177 Andree
1954 2116 2227 2179 Testarii
2270 2116 2461 2176 iudex
2504 2116 2641 2177 ord.
2682 2121 2754 2177 et
2792 2124 2923 2177 not.
2968 2135 3049 2177 ex
3090 2117 3253 2175 actis
3294 2114 3543 2176 cancel·

1399 2215 1554 2275 larie
1603 2216 1722 2275 Pis.
1769 2216 2077 2285 comuniS‚
2120 2216 2231 2274 wie
2272 2215 2373 2275 die
2412 2214 2735 2291 folgenden
2776 2214 3126 2275 Nummern
3166 2212 3263 2275 bis
3302 2213 3469 2291 850).

1085 2414 1222 2471 846.
2671 2408 2845 2477 Pisa,
2893 2410 2927 2469 7
2966 2407 3315 2485 September
3354 2408 3543 2468 1277.

1203 2508 1595 2568 Tarlatus
1639 2507 1718 2565 de
1762 2508 1973 2566 Aritio
2014 2505 2165 2565 Pis.
2211 2512 2613 2584 potestas,
2658 2506 3017 2567 Rainaldus
3045 2506 3127 2567 de
3155 2506 3327 2567 Riva
3368 2508 3548 2583 capi·

1083 2610 1337 2675 teneus,
1383 2604 1628 2663 antiani
1672 2602 1795 2664 Pis.
1841 2603 2065 2682 populi
2102 2604 2471 2664 consulibus
2512 2610 2581 2663 et
2620 2606 2875 2664 comuni
2932 2602 3012 2664 do
3054 2604 3275 2681 Aquis.
3372 2600 3551 2674 Quia

1087 2709 1306 2763 nostro
1375 2700 1686 2761 mandato
1752 2700 2015 2762 obedire
2079 2702 2471 2779 neglexistis,
2539 2704 2775 2764 iterato
2842 2703 3069 2763 eadem
3136 2702 3551 2763 mandamm.

1087 2798 1630 2868 MCCLXXVIII,
1675 2798 1802 2858 ind.
1851 2798 1927 2869 V,
1971 2798 2100 2860 VII
2144 2800 2225 2859 id.
2270 2804 2432 2877 sept.

1417 2896 1546 2961 Wie
1589 2915 1652 2956 π.
1698 2896 1818 2955 845
1859 2896 1993 2955 und
2034 2896 2153 2957 847
2182 2896 2274 2957 bis
2316 2897 2451 2957 850.

1089 3032 1227 3092 847.
2636 3030 2808 3099 Pica,
2853 3032 2934 3091 15
2974 3032 3314 3109 S3pt2mber
3356 3032 3557 3093 1277.

1207 3125 1508 3187 Albertus
1551 3126 1769 3205 [.....]
1811 3146 1858 3185 s.
1907 3126 2105 3187 Mat-ie
2136 3128 2413 3199 maioriS,
2453 3128 2917 3207 Benvenutus[
2922 3176 3070 3188 .....
3078 3130 3103 3209 ]
3130 3128 3561 3207 cappellanus

1087 3244 1133 3283 s,
1179 3224 1510 3283 Laurentii
1552 3224 1729 3283 missi
1785 3242 1900 3303 pro
1957 3226 2282 3285 comuni
2340 3223 2490 3285 Pis.
2548 3228 2943 3299 nuntiamus,
3002 3246 3127 3305 que
3182 3227 3563 3288 invenimus

1090 3324 1183 3397 (in
1208 3322 1436 3401 Aquis)
1463 3323 1794 3399 potestati,
1818 3322 2039 3401 Coppo
2059 3328 2125 3382 et
2147 3322 2395 3383 Staccie
2418 3324 2551 3383 eius
2580 3322 2913 3385 iudicibus.
2998 3322 3561 3395 MOCLXXVIII,

1089 3420 1216 3479 ind.
1262 3419 1336 3491 V,
1385 3418 1582 3479 XVII
1625 3419 1748 3479 kal.
1793 3426 1919 3480 oct.

1415 3514 1546 3575 Wie
1588 3535 1652 3574 π.
1699 3516 1836 3577 845.
1883 3516 2023 3577 846.
2071 3516 2190 3577 848
2219 3518 2311 3577 bis
2353 3518 2491 3579 850.

1093 3642 1232 3699 848.
2586 3645 2808 3715 Laeca,
2852 3646 2933 3707 25
2974 3647 3312 3724 September
3355 3646 3567 3709 1277.

1210 3736 1582 3817 Leopardus
1625 3745 1756 3799 not.
1803 3740 2085 3801 sindicus
2128 3745 2497 3803 comunis
2551 3742 2831 3805 Pisani
2877 3746 2941 3804 in
2978 3746 3297 3823 presentia
3336 3742 3569 3823 Paga-

1093 3835 1236 3895 nelli
1279 3834 1434 3895 Luc.
1481 3856 1598 3912 ep..
1645 3835 1758 3915 qui
1798 3846 2172 3916 preceperat
2214 3842 2529 3917 potestati
2570 3840 2717 3911 Pis..
2761 3849 2838 3902 ut
2876 3862 2945 3903 se
2982 3863 3109 3903 non
3136 3844 3449 3921 ingereret
3492 3846 3571 3905 in

1092 3932 1492 4010 questionem
1539 3940 1896 3993 vertentem
1940 3936 2109 3995 inter
2150 3935 2499 4014 plebanum
2538 3938 2743 4017 plebis
2783 3939 2867 4000 de
2908 3940 3112 4018 Aquis
3138 3946 3205 4000 et
3236 3938 3573 4004 abbatem

1091 4030 1172 4089 de
1214 4029 1512 4089 Morrona
1552 4033 1884 4092 occasione
1926 4033 2291 4110 aqueducti,
2334 4035 2494 4096 dicit
2530 4041 2907 4116 preceptum
2933 4036 3181 4097 nullum
3208 4056 3365 4107 esse,
3396 4057 3575 4103 cum

1095 4150 1191 4209 ep.
1231 4148 1364 4191 non
1405 4130 1644 4191 habeat
1685 4132 2191 4194 iurisdictionem
2234 4137 2299 4195 in
2342 4155 2612 4197 comune
2653 4135 2800 4209 Pis.;
2846 4138 2946 4198 sin
2974 4142 3194 4199 autem
3236 4138 3297 4197 in
3324 4138 3577 4217 aliquo

1092 4232 1342 4287 teneret
1383 4226 1464 4286 de
1505 4229 1658 4301 iure,
1703 4230 1989 4309 appellat
2034 4232 2116 4291 ad
2160 4252 2259 4311 ap.
2304 4233 2537 4294 sedem.
2620 4234 2763 4295 Act.
2808 4234 2981 4296 Luce
3036 4236 3103 4295 in
3160 4235 3405 4313 palatio
3446 4257 3573 4321 ep.

1092 4323 1302 4404 Lippo
1343 4324 1448 4403 qd.
1493 4324 1858 4387 Rustichini
1899 4328 1980 4387 de
2020 4328 2351 4389 Vulterris
2400 4330 2612 4393 Presb.
2660 4331 2949 4393 Bellomo
2978 4332 3275 4395 familiari
3314 4339 3387 4393 et
3428 4336 3575 4399 ole-

1093 4422 1226 4483 rico
1265 4442 1362 4499 ep.
1410 4426 1486 4481 tt.
1573 4422 2117 4493 MCCLXXVHI,
2164 4427 2289 4487 ind.
2336 4428 2447 4498 VI,
2491 4428 2619 4490 VII
2650 4430 2773 4489 kal.
2806 4436 2929 4491 oct.
3017 4429 3290 4491 Iacobus
3320 4431 3365 4491 f.
3400 4432 3577 4497 Pro·

1095 4518 1270 4577 licati
1311 4524 1446 4579 not.
1489 4526 1555 4579 et
1597 4522 1789 4581 iudex
1835 4523 1966 4582 ord.

1425 4614 1583 4675 Volt.
1634 4617 1869 4678 Atlas-c.
1903 4639 1954 4677 «ς.
1990 4618 2177 4679 XIII
2217 4620 2336 4679 dec,
2370 4622 2406 4681 8
2436 4641 2497 4680 n.
2548 4623 2621 4682 71
2649 4623 2819 4701 Oria.
2854 4623 3027 4702 (solat
3066 4624 3181 4701 auf
3220 4624 3319 4686 die
3352 4628 3580 4709 Copp.

1422 4732 1531 4772 von
1578 4734 1638 4772 n.
1687 4716 1823 4773 845.
1875 4717 2011 4775 846.
2060 4718 2225 4791 347).
