3817 5642
1083 542 1108 589 l
1119 539 1188 591 12
1725 540 2169 595 REGESTUM
2212 541 2899 597 VOLATERRANUM

1077 734 1298 795 ciardo
1339 732 1560 795 Sancti
1602 736 1986 798 Geminiani.
2030 736 2345 799 Gonnella
2385 738 2493 816 qd.
2522 736 2720 799 Ferri.
2752 738 3006 801 Barone
3046 739 3129 801 dc
3168 740 3545 801 BracolanO.

1081 830 1404 895 Rollando
1455 832 1562 913 qd.
1623 834 1882 895 Donati.
1944 834 2279 897 Leonardo
2337 836 2783 917 Bentivegnie,
2828 836 2969 899 aliis
3012 843 3092 897 tt.
3174 836 3547 911 MCCXIII,

1079 926 1223 991 IIII
1265 930 1350 992 id.
1395 936 1584 1009 sept„
1626 932 1758 993 ind.
1802 932 1892 993 ΙΙ.
1980 932 2269 1013 Ughiccii
2314 932 2505 995 Rom.
2553 935 2803 1013 imperii
2843 934 3035 997 iudex
3078 942 3147 995 ct
3188 942 3322 997 not.

1402 1028 1666 1091 Florem
1709 1030 1862 1091 Ast.
1909 1030 2101 1107 (Voet.
2148 1052 2209 1091 n.
2238 1030 2381 1105 136)
2426 1031 2601 1109 Orio.

1083 1223 1220 1284 315.
2525 1226 2810 1300 Florem,
2854 1228 2935 1288 17
2976 1228 3324 1307 September
3361 1229 3545 1290 1213.

1200 1321 1366 1383 Cum
1391 1340 1491 1383 res
1517 1324 1561 1399 ¹)
1591 1321 1712 1385 Ub
1729 1324 2007 1385 ertino
2036 1323 2351 1384 Guidonis
2377 1324 2459 1385 de
2486 1324 2655 1385 Flor.
2700 1344 2831 1385 non
2858 1325 3367 1397 restituerentur,
3396 1345 3549 1387 con·

1079 1424 1348 1497 questus
1389 1424 1490 1479 est
1529 1420 1608 1479 de
1653 1418 1880 1483 Albizo
1920 1420 2129 1481 iudice
2170 1422 2237 1481 in
2278 1422 2457 1483 curia
2500 1440 2547 1481 s,
2592 1422 2941 1493 MichaeliS,
2984 1423 3322 1500 postulans
3360 1422 3549 1485 CXX

1081 1516 1376 1577 marchae
1401 1522 1470 1577 et
1497 1518 1766 1596 pignora
1793 1519 2029 1579 omnia.
2056 1518 2219 1580 Cum
2250 1518 2553 1581 Albithus
2582 1539 2715 1580 non
2743 1522 3042 1593 venisset,
3074 1519 3201 1581 fuit
3228 1520 3549 1581 Ubertino

1079 1614 1342 1675 licentia
1379 1614 1540 1675 data
1581 1616 1649 1675 in
1689 1616 1826 1675 eius
1867 1614 2073 1687 bonis,
2118 1622 2195 1677 ut
2233 1615 2485 1677 fructus
2526 1618 2809 1679 lucretur
2854 1624 2923 1678 et
2978 1618 3236 1696 insuper
3282 1624 3547 1680 currant

1079 1728 1288 1781 neure,
1333 1710 1476 1771 den.
1524 1710 1666 1772 IIII
1709 1730 1822 1789 per
1877 1732 2161 1773 mensem
2218 1720 2285 1773 et
2342 1712 2589 1775 libram.
2678 1712 3041 1786 MCCXIII,
3076 1714 3201 1775 XV
3228 1714 3351 1776 kal.
3390 1720 3545 1787 oct„

1080 1808 1213 1869 ind.
1259 1808 1312 1869 I.
1397 1810 1650 1886 Panzus
1689 1815 1827 1872 not.

1403 1908 1661 1985 Amuq
1703 1909 1774 1969 iu
1812 1928 1879 1969 π.
1922 1908 2061 1969 338.

1083 2100 1222 2161 316.
2634 2104 2847 2179 Sequi,
2878 2104 2961 2165 26
2988 2104 3335 2181 September
3361 2104 3549 2165 1213.

1203 2198 1754 2261 Innocentius
1797 2200 1929 2262 III
1974 2201 2412 2272 Vulterranoe,
2464 2202 2883 2281 G(alganum)
2940 2222 3041 2281 ep.
3100 2200 3183 2261 ab
3236 2203 3327 2263 eis
3384 2204 3551 2263 occi-

1083 2315 1226 2357 sum
1269 2316 1796 2371 commemorans,
1843 2300 2160 2372 hortatur,
2206 2307 2280 2361 ut
2324 2300 2641 2379 (Pagano)
2684 2319 2783 2378 ep.
2828 2299 3155 2360 obediant.

1414 2394 1573 2456 Volt.
1605 2396 1828 2474 Aoap.
1859 2417 1923 2457 n.
1946 2396 2071 2459 189
2097 2396 2270 2475 Oriq.
2286 2398 2471 2459 Liber
2498 2397 2737 2457 iuriam
2765 2397 2804 2456 1
2830 2398 2933 2459 cit.
3016 2396 3423 2458 Edd.Gecina
3444 2397 3551 2457 45.

1403 2492 1580 2555 Βαυα
1625 2493 1716 2554 76.
1789 2494 2085 2555 Guazzesi
2124 2496 2503 2556 Dell'antico
2526 2494 2807 2557 dominio
2834 2494 2935 2555 del
2960 2514 3202 2556 vescovo
3228 2492 3294 2554 da·
3322 2494 3557 2555 Arezzo

1405 2610 1594 2668 sopra
1623 2592 1890 2651 Cortona
1932 2592 2031 2653 66.
2118 2592 2419 2653 Leoncim'
2458 2592 2580 2655 242
2624 2591 3157 2668 (unvollsta‘ndiq).
3240 2591 3388 2668 Rey.
3438 2590 3551 2650 B.-

1407 2688 1614 2749 lat-W.
1643 2688 1826 2750 6156.
1912 2692 1979 2749 S.
2012 2688 2236 2750 Giachi
2270 2694 2281 2721 ¹
2316 2689 2355 2749 Ι
2384 2688 2465 2749 16
2498 2712 2566 2745 z
2596 2690 2615 2721 ‘·'
2640 2689 2737 2749 13.
2756 2686 3121 2749 Davidsohn
3142 2686 3485 2749 Geachichte
3510 2688 3553 2747 I

1407 2788 1528 2848 512
1565 2788 1702 2863 (mit
1726 2787 2020 2863 falachem
2050 2788 2329 2862 Datum).

1088 2981 1224 3043 317.
2600 2984 2898 3056 Volterra,
2930 2982 2971 3043 5
2998 2982 3335 3043 A‘ovember
3362 2982 3551 3041 1213.

1207 3081 2033 3155 MCCX111‚ind.11,non.
2066 3102 2215 3141 nov.
2300 3082 2597 3143 Gallus
2636 3079 2867 3141 Vult.
2914 3085 3294 3160 potestas
3336 3086 3553 3157 prote·

1085 3184 1300 3241 status
1343 3186 1441 3241 est
1481 3200 1718 3259 ponere
1759 3182 1828 3240 in
1869 3180 2227 3257 capitulum
2257 3180 2433 3243 Vult.
2466 3180 2649 3241 litem
2676 3181 2845 3240 inter
2872 3196 3145 3239 comune
3182 3184 3251 3239 et
3302 3178 3558 3257 Paga·

1088 3295 1270 3337 num
1311 3297 1410 3357 ep.
1455 3278 1931 3349 diffiniendam;
1976 3284 2132 3339 tunc
2173 3284 2361 3338 erant
2402 3278 2491 3339 ibi
2534 3278 2838 3357 magister
2886 3275 3197 3349 Mitidius,
3242 3276 3555 3353 magister

1087 3374 1391 3449 BellinuS,
1423 3379 1727 3456 magister
1754 3375 2115 3446 BonarduS,
2147 3376 2359 3437 Guido
2385 3376 2431 3436 f.
2464 3374 2779 3437 Leonardi
2809 3394 2949 3435 can.
2980 3372 3131 3435 eccl.
3201 3373 3343 3433 Act..
3368 3372 3553 3433 Vult.

1085 3475 1152 3534 in
1214 3474 1494 3559 claustro
1557 3476 1861 3535 canonice
1944 3475 2011 3533 in
2072 3492 2237 3551 pres,
2282 3470 2515 3535 Uberti
2575 3473 2819 3533 Parisii.
2892 3472 3133 3532 Ruffoli
3203 3469 3551 3532 Guichieri.

1089 3573 1358 3634 Baronis
1400 3571 1727 3649 Stephani.
1775 3572 2181 3633 Bonaiuncte
2208 3572 2435 3633 iudicis
2464 3576 2543 3631 tt.
2629 3569 3123 3631 Bartholomeus
3151 3588 3200 3629 s.
3226 3570 3379 3647 imp.
3410 3575 3555 3629 not.

1406 3671 1669 3732 Florenz
1713 3670 1866 3730 Ast.
1912 3670 2105 3747 (Volt.
2136 3690 2199 3730 n.
2233 3670 2379 3747 137)
2408 3668 2580 3746 Oriq.

1090 3870 1226 3930 318.
2654 3862 2833 3935 Pisa,
2878 3863 2957 3923 31
2998 3860 3325 3923 Dezember
3362 3861 3551 3922 1213.

1209 3964 1644 4028 Lottarius
1687 3965 1811 4026 Pis.
1858 3963 2133 4042 archiep.
2182 3982 2294 4042 per
2320 3983 2417 4036 ea,
2448 3981 2574 4041 que
2616 3959 2797 4021 videt
2838 3966 2907 4021 et
2948 3958 3173 4031 credit,
3202 3978 3315 4037 per
3342 3959 3551 4039 legem

1090 4085 1396 4127 umanam
1451 4069 1518 4125 et
1571 4064 1880 4135 divinam,
1939 4082 2054 4140 per
2102 4068 2369 4139 pactum
2426 4059 2691 4137 treughe
2746 4061 2915 4119 inter
2969 4058 3185 4119 Pisam
3240 4062 3307 4117 et
3366 4056 3549 4118 Vult.

1089 4166 1274 4236 dixit,
1321 4164 1497 4242 quod
1536 4163 1832 4223 Forciore
1873 4168 1973 4222 est.
2021 4160 2273 4221 dandus
2328 4180 2369 4220 a
2422 4164 2749 4238 potestate
2806 4156 2980 4217 Vult.
3038 4154 3392 4216 rectoribus
3444 4155 3551 4214 Pi-

1091 4282 1245 4324 sano
1285 4263 1590 4324 civitati&
1675 4262 1820 4323 Act.
1867 4261 2030 4320 Pisis
2072 4278 2262 4337 super
2301 4255 2691 4319 balatorium
2722 4254 3323 4333 archiepiscopatus,
3423 4252 3551 4313 Bo·

1089 4362 1363 4421 naiunta
1416 4360 1540 4419 Pis.
1587 4378 1726 4421 can.
1773 4357 1990 4418 Presb.
2036 4356 2229 4417 Salvo
2282 4354 2659 4434 cappellano
2710 4353 2861 4413 eccl.
2917 4370 2966 4411 e.
3016 4350 3216 4411 Mario
3271 4350 3547 4411 maioris

1093 4458 1308 4520 Presb.
1354 4457 1606 4518 Iuliano
1647 4456 2023 4535 cappellano
2064 4455 2214 4515 cccl.
2266 4474 2315 4514 s.
2374 4453 2633 4513 Donati.
2699 4450 3160 4510 Bonaventura
3208 4447 3555 4507 Avanense

1091 4564 1246 4617 tunc
1290 4563 1647 4635 treuguano
1688 4555 1813 4614 Pis.
1859 4553 2205 4614 Pericciolo
2245 4552 2456 4613 iudice
2488 4556 2557 4611 et
2600 4554 2733 4610 not.
2764 4547 2809 4607 f.
2842 4546 3211 4607 Balduvini.
3241 4544 3554 4606 Hubaldo

1236 4764 1277 4827 ι)
1317 4761 1373 4813 S.
1413 4762 1541 4811 oben
1577 4776 1631 4812 n.
1673 4762 1792 4810 291.
