3817 5642
896 560 1343 616 REGESTUM
1380 559 2062 618 VOLATERRANUM
2613 563 2716 616 185

258 759 391 818 531.
504 770 511 778 ·
1848 756 2140 827 Volterra,
2183 758 2262 819 21
2305 756 2492 820 Mem
2533 757 2711 818 1236.

370 855 823 928 MOCXXXV,
868 855 1001 916 ind.
1047 853 1269 928 VIIII,
1314 853 1451 916 XII
1492 854 1619 916 kal.
1664 873 1801 934 apr.
1886 855 2153 918 Guittus
2181 858 2376 918 iudex
2404 856 2582 918 Vult.
2613 876 2713 916 co-

258 954 469 1018 munis
506 973 721 1016 coram
762 951 1133 1014 Alexandro
1173 952 1549 1032 cappellano
1590 971 1761 1032 pape
1800 953 2136 1031 respondit
2189 955 2326 1016 eius
2379 954 2711 1025 mandato,

257 1053 431 1130 quod
470 1071 743 1118 comune
781 1050 1045 1112 deberet
1085 1070 1223 1112 esse
1264 1051 1349 1112 ad
1390 1056 1765 1130 preceptum
1806 1069 1998 1112 suum
2054 1059 2120 1112 et
2177 1052 2432 1113 ecclesie
2481 1051 2713 1128 (Vult.)

256 1150 329 1208 de
376 1150 697 1215 discordie
737 1167 886 1210 cum
930 1149 1073 1224 (Pa
1086 1151 1335 1226 gano)
1378 1167 1501 1228 ep..
1544 1149 1721 1226 quod
1750 1149 1964 1228 parati
1993 1157 2178 1211 erant
2208 1147 2572 1210 vulterrani
2599 1168 2716 1226 pro

256 1245 919 1310 excommunicatione
945 1245 1125 1306 facta.
1148 1247 1240 1306 eis
1268 1265 1381 1324 per
1408 1265 1508 1324 ep.
1539 1246 1748 1306 iurare
1776 1246 1978 1325 ipsius
2006 1251 2306 1325 precepta
2336 1251 2404 1306 et
2430 1247 2714 1324 dampna

260 1369 295 1406 a
332 1367 403 1408 se
444 1345 744 1424 episcopo
786 1343 971 1406 illata
1008 1345 1093 1406 ad
1133 1361 1232 1422 ep.
1279 1342 1381 1405 vel
1422 1343 1687 1405 alterius
1728 1342 1881 1405 boni
1912 1343 2035 1405 viri
2062 1349 2435 1424 preceptum
2461 1343 2714 1404 satisfa-

257 1465 417 1506 cere.
498 1445 645 1504 Act.
687 1443 866 1504 Vult.
910 1443 979 1503 in
1018 1443 1326 1504 canonica
1366 1461 1417 1502 s.
1462 1442 1679 1503 Maris.
1766 1441 2160 1504 Bontalento
2201 1447 2338 1502 not.
2374 1441 2718 1504 Vincentio

256 1543 359 1620 qd.
410 1539 855 1629 Ildibrandini.
900 1540 1103 1600 Paulo
1146 1539 1339 1602 abate
1381 1559 1431 1598 s.
1476 1539 1769 1619 Galgani.
1818 1541 2150 1601 Falcuccio
2193 1539 2300 1619 qd.
2347 1539 2532 1619 [....]
2561 1543 2602 1616 ¹)
2635 1545 2716 1599 tt.

256 1641 585 1720 Galganus
622 1657 675 1700 s.
717 1639 873 1718 imp.
915 1643 1053 1700 not.

578 1735 837 1797 Florem
880 1735 1467 1814 ASt.(Vou.1235
1508 1735 1629 1796 ΙΙΙ
1668 1736 1768 1804 21.
1812 1755 1876 1796 n.
1922 1736 2069 1814 370)
2112 1736 2286 1812 Oriq.

786 657 977 664 -—-————-
985 656 2706 670 u——mss-——m———P—m*

261 1891 399 1949 532.
828 1887 833 1892 ’
1852 1846 2154 1956 Volterra,
2195 1887 2274 1947 21
2318 1887 2426 1947 M
2399 1906 2504 1948 arz
2540 1886 2716 1948 1236.

378 1985 834 2058 MCCXXXV,
877 1986 1009 2046 ind.
1041 1985 1267 2059 VIIII,
1298 1984 1436 2048 XII
1464 1985 1591 2045 kal.
1625 2005 1757 2064 apr.
1848 1983 2326 2046 Maezavitellus
2364 1986 2521 2046 civis
2549 1985 2716 2047 Flor.

257 2088 365 2164 qd.
412 2085 439 2164 [
457 2131 682 2144 .......
702 2085 773 2164 ]²
782 2088 800 2160 )
845 2088 1224 2162 procurator
1278 2081 1455 2146 Vult.
1503 2084 1791 2144 comunis
1834 2104 1873 2143 a
1915 2082 2100 2145 vobis
2143 2081 2509 2145 Alexandro
2551 2103 2718 2162 pape

256 2182 657 2262 cappellanO,
704 2183 815 2260 qui
856 2181 1071 2242 dicitis
1111 2201 1227 2242 vos
1269 2201 1437 2263 pape
1478 2180 1756 2243 iudicem
1796 2181 2164 2260 delegatum
2209 2181 2376 2242 inter
2438 2185 2455 2256 (
2476 2181 2718 2261 Paga·

260 2302 357 2344 nu
376 2286 483 2359 m)
528 2299 627 2358 ep.
658 2285 726 2341 et
754 2299 1025 2343 comune
1066 2280 1266 2352 Vult„
1298 2283 1551 2360 copiam
1580 2281 2034 2359 rescriptorum
2063 2278 2484 2359 delegationis
2512 2286 2722 2340 vestre

256 2385 433 2458 pete.
483 2379 779 2458 Propone
820 2397 1091 2439 comune
1134 2383 1437 2439 vocatum
1478 2380 1613 2439 fore
1656 2379 1739 2440 ad
1788 2377 2098 2440 iudicium
2156 2377 2238 2438 ab
2281 2397 2382 2458 ep.
2427 2379 2496 2438 in
2549 2377 2724 2438 curia

256 2499 425 2557 pape
486 2484 553 2538 et
608 2478 837 2538 datum
892 2477 1027 2536 fore
1085 2475 1443 2540 auditorem
1502 2475 1842 2538 oddonem
1866 2475 1913 2553 ‘)
1959 2475 2156 2551 card„
2202 2494 2399 2554 quare
2453 2495 2724 2537 comune

258 2595 479 2638 coram
527 2574 708 2636 vobis
750 2573 997 2653 litigare
1043 2593 1171 2635 non
1214 2574 1423 2636 debet.
1474 2574 1802 2634 Protestor
1844 2593 2115 2635 comune
2156 2593 2372 2635 coram
2409 2574 2581 2634 card.
2615 2593 2722 2651 pa-

254 2681 479 2734 ratum
520 2671 659 2733 fore
697 2691 798 2750 ep.
844 2673 1247 2752 respondere.
1294 2672 1453 2732 Dico
1494 2671 1575 2732 de
1617 2673 1925 2750 rescripto
1967 2673 2151 2734 vobis
2194 2691 2308 2752 pro
2351 2671 2426 2733 iis
2469 2693 2508 2732 a
2551 2671 2734 2732 curia·

256 2791 429 2852 pape
473 2770 716 2831 directo
756 2769 1033 2848 litigium
1075 2767 1210 2830 fore
1252 2789 1464 2832 coram
1495 2770 1667 2830 card.
1699 2790 1975 2850 eumque
2017 2771 2377 2843 mandasse,
2415 2769 2589 2848 quod
2633 2787 2722 2830 re-

250 2871 577 2948 scriptum
604 2875 957 2930 revocetur.
991 2868 1287 2947 Propone
1314 2888 1430 2929 vos
1459 2867 1624 2930 male
1652 2871 2029 2948 processisse
2058 2869 2328 2947 ideoque
2354 2872 2726 2947 suspectum

250 2985 539 3028 comune
580 2964 834 3025 habere.
878 2963 1044 3035 Quia
1085 2964 1259 3025 dicta
1289 2985 1419 3026 non
1449 2965 1814 3040 admittitis,
1848 2965 1927 3026 ad
1960 2985 2197 3045 papam
2229 2964 2499 3045 appello.
2580 2963 2724 3024 Act.

250 3067 444 3127 Vult.
490 3065 556 3124 in
597 3063 907 3124 canonica
934 3082 982 3122 s.
1014 3063 1227 3122 Marie.
1312 3061 1640 3125 Ubaldino
1666 3069 1804 3124 not.
1838 3065 2230 3125 Boutalento
2260 3069 2395 3124 not.
2426 3060 2536 3141 qd.
2569 3062 2723 3122 Leo-

248 3163 471 3226 nardi.
520 3162 759 3222 Bianeo
801 3161 905 3239 qd.
953 3162 1258 3221 Arzocchi
1302 3167 1381 3221 tt.
1469 3162 1793 3240 Galganus
1836 3183 1882 3220 s.
1931 3163 2085 3240 imp.
2131 3168 2266 3222 not.

590 3259 849 3320 Florenz
889 3257 1042 3318 ASt.
1093 3259 1285 3334 (Volt.
1316 3259 1478 3320 1235
1510 3258 1625 3318 III
1653 3260 1751 3327 21,
1786 3279 1846 3318 n.
1880 3259 2026 3336 368)
2057 3259 2230 3335 Θήρ

245 3405 404 3465 533.
1889 3399 2186 3470 Volterra,
2229 3403 2270 3462 3
2313 3401 2504 3480 April
2544 3401 2724 3462 1236.

382 3499 878 3572 MCOXXXVI,
926 3500 1057 3562 ind.
1100 3497 1321 3572 VIIII.
1368 3497 1474 3559 III
1514 3520 1664 3561 non.
1695 3519 1831 3578 apr.
1919 3499 2188 3560 Guictus
2217 3499 2409 3560 iudex
2441 3501 2729 3561 comunis

242 3625 299 3662 c
309 3620 487 3661 ›ram
529 3599 895 3661 Alexandro
938 3599 1315 3678 cappellano
1355 3619 1521 3678 pape
1562 3619 1677 3678 pro
1720 3598 1981 3659 comuni
2021 3598 2196 3661 Vult.
2235 3599 2567 3678 respondit
2595 3598 2730 3660 eius

242 3699 480 3769 diutia,
526 3697 702 3776 quod
742 3715 1012 3757 comune
1053 3695 1312 3757 deberet
1348 3715 1483 3756 esse
1516 3697 1597 3757 ad
1625 3701 2002 3775 preceptum
2029 3716 2218 3757 suum
2248 3703 2313 3757 et
2342 3695 2622 3758 Ecclesie
2651 3695 2730 3755 dc

240 3793 591 3856 discordia
630 3812 777 3854 cum
824 3792 970 3868 (Pa
983 3814 1024 3872 g
1041 3795 1228 3870 ano)
1271 3813 1370 3872 ep.
1415 3789 1615 3865 Vult„
1659 3797 1924 3874 paratos
1957 3812 2094 3853 esse
2135 3791 2569 3862 Vulterrunos,
2615 3811 2729 3872 pro

240 3891 935 3955 excommunicatione
976 3891 1057 3952 de
1098 3891 1188 3952 eis
1228 3890 1407 3952 facta
1446 3911 1559 3970 per
1606 3911 1728 3969 ep.,
1772 3892 1909 3952 eius
1955 3898 2023 3952 et
2063 3891 2235 3952 Eccl.
2281 3891 2364 3954 ad
2411 3891 2729 3952 cautelam

240 3995 482 4053 iurare
521 3994 824 4069 precepta
866 3993 932 4050 et
988 3988 1270 4067 dampna
1326 3989 1411 4049 ad
1465 4008 1565 4068 ep.
1612 3989 1709 4049 vel
1767 3990 2029 4050 alterius
2085 3989 2234 4049 boni
2294 3995 2362 4048 et
2413 3988 2570 4050 iusti
2613 3989 2729 4048 viri

240 4087 657 4150 mandatum
700 4085 1086 4148 satisfacere.
1171 4087 1316 4146 Act.
1350 4086 1523 4148 Vult.
1555 4089 1623 4148 in
1650 4087 1844 4148 domo
1884 4088 2036 4148 eccl.
2081 4087 2338 4148 maioris
2372 4087 2438 4146 in
2479 4105 2732 4147 caniera

239 4184 669 4264 (Lanfmnci)
694 4183 1035 4246 archidiae.
1058 4185 1237 4246 Vult.
1322 4185 1703 4265 Bonaguida
1724 4185 1957 4266 Par-igi.
1977 4185 2262 4248 Belforte
2275 4183 2729 4244 Bonafidanze.
2779 4217 2787 4226 -

237 4283 517 4363 Sigerio
560 4280 907 4343 Genovesis
948 4287 1015 4342 et
1060 4281 1311 4358 (Paulo)
1358 4282 1503 4344 abb.
1542 4302 1593 4343 s.
1626 4283 1897 4362 Galgani
1929 4288 2008 4343 tt.
2095 4284 2512 4342 Benvenutus
2541 4281 2730 4342 Fred.

238 4386 425 4461 imp.
476 4385 611 4440 not.

594 4477 855 4539 Florem
898 4477 1049 4538 Ast.
1094 4478 1281 4555 (Volt.
1326 4499 1369 4538 n
1434 4478 1579 4556 394)
1623 4479 1791 4555 Oriq.

412 4697 465 4757 ¹)
502 4695 687 4744 me
722 4695 919 4744 Boum-
1070 4697 1111 4759 ⁸)
1150 4699 1334 4748 Luem
1370 4699 1565 4748 Raum.
1714 4698 1759 4759 ²¹)
1800 4698 2072 4747 ottonem
2097 4697 2418 4748 Candidum
2441 4711 2483 4746 a.
2515 4694 2734 4746 Nicolei

232 4789 301 4838 in
332 4789 593 4836 Caruere
618 4783 876 4834 Tulliano
900 4785 1041 4836 diac.
1082 4787 1251 4846 card„
1294 4791 1526 4840 1227-12
1540 4790 1616 4847 Η,
1656 4789 1805 4837 darm
1842 4787 1988 4838 card.
2030 4803 2116 4852 ep.
2153 4789 2302 4838 Part.
