<?xml version="1.0" encoding="UTF-8"?>
<!DOCTYPE html PUBLIC "-//W3C//DTD XHTML 1.0 Transitional//EN"
    "http://www.w3.org/TR/xhtml1/DTD/xhtml1-transitional.dtd">
<html xmlns="http://www.w3.org/1999/xhtml" xml:lang="en" lang="en">
 <head>
  <title>
</title>
<meta http-equiv="Content-Type" content="text/html;charset=utf-8" />
  <meta name='ocr-system' content='tesseract 3.04.00' />
  <meta name='ocr-capabilities' content='ocr_page ocr_carea ocr_par ocr_line ocrx_word'/>
</head>
<body>
  <div class='ocr_page' id='page_1' title='image "./regestumvolater00schngoog_0250.png"; bbox 0 0 3817 5642; ppageno 0'>
   <div class='ocr_carea' id='block_1_1' title="bbox 1118 562 2928 620">
    <p class='ocr_par' dir='ltr' id='par_1_1' title="bbox 1118 562 2928 620">
     <span class='ocr_line' id='line_1_1' title="bbox 1118 562 2928 620; baseline 0.003 -6"><span class='ocrx_word' id='word_1_1' title='bbox 1118 562 1223 614; x_wconf 78' lang='lat'><strong>186</strong></span> <span class='ocrx_word' id='word_1_2' title='bbox 1760 563 2200 618; x_wconf 79' lang='lat' dir='ltr'><strong>REGESTUM</strong></span> <span class='ocrx_word' id='word_1_3' title='bbox 2245 563 2928 620; x_wconf 78' lang='lat' dir='ltr'><strong>VOLATERRANUM</strong></span> 
     </span>
    </p>
   </div>
   <div class='ocr_carea' id='block_1_2' title="bbox 2515 659 2867 668">
    <p class='ocr_par' dir='ltr' id='par_1_2' title="bbox 2515 659 2867 668">
     <span class='ocr_line' id='line_1_2' title="bbox 2515 659 2867 668; baseline 0 4974"><span class='ocrx_word' id='word_1_4' title='bbox 2515 659 2867 668; x_wconf 95' lang='lat' dir='ltr'><strong> </strong></span> 
     </span>
    </p>
   </div>
   <div class='ocr_carea' id='block_1_3' title="bbox 2872 661 3199 668">
    <p class='ocr_par' dir='ltr' id='par_1_3' title="bbox 2872 661 3199 668">
     <span class='ocr_line' id='line_1_3' title="bbox 2872 661 3199 668; baseline 0 4974"><span class='ocrx_word' id='word_1_5' title='bbox 2872 661 3199 668; x_wconf 95' lang='lat' dir='ltr'><strong> </strong></span> 
     </span>
    </p>
   </div>
   <div class='ocr_carea' id='block_1_4' title="bbox 1106 759 3566 2207">
    <p class='ocr_par' dir='ltr' id='par_1_4' title="bbox 1106 759 3566 2207">
     <span class='ocr_line' id='line_1_4' title="bbox 1114 759 3562 840; baseline 0.002 -21"><span class='ocrx_word' id='word_1_6' title='bbox 1114 759 1253 820; x_wconf 77' lang='lat'><strong>534.</strong></span> <span class='ocrx_word' id='word_1_7' title='bbox 2667 762 2988 832; x_wconf 73' lang='lat' dir='ltr'><strong>Montieri,</strong></span> <span class='ocrx_word' id='word_1_8' title='bbox 3031 762 3112 823; x_wconf 88' lang='lat'><strong>13</strong></span> <span class='ocrx_word' id='word_1_9' title='bbox 3156 763 3346 840; x_wconf 75' lang='lat' dir='ltr'><strong>April</strong></span> <span class='ocrx_word' id='word_1_10' title='bbox 3383 763 3562 824; x_wconf 86' lang='grc'><strong><em>1236.</em></strong></span> 
     </span>
     <span class='ocr_line' id='line_1_5' title="bbox 1186 858 3566 940; baseline -0 -16"><span class='ocrx_word' id='word_1_11' title='bbox 1186 917 1194 924; x_wconf 91' lang='grc'><strong>.</strong></span> <span class='ocrx_word' id='word_1_12' title='bbox 1233 858 1597 922; x_wconf 78' lang='lat' dir='ltr'><strong>Alexander</strong></span> <span class='ocrx_word' id='word_1_13' title='bbox 1636 879 1805 940; x_wconf 87' lang='lat' dir='ltr'><strong>pape</strong></span> <span class='ocrx_word' id='word_1_14' title='bbox 1830 859 2246 940; x_wconf 83' lang='lat' dir='ltr'><strong>cappellanus</strong></span> <span class='ocrx_word' id='word_1_15' title='bbox 2272 859 2606 920; x_wconf 83' lang='lat' dir='ltr'><strong>universis.</strong></span> <span class='ocrx_word' id='word_1_16' title='bbox 2689 859 2850 922; x_wconf 88' lang='lat' dir='ltr'><strong>Cum</strong></span> <span class='ocrx_word' id='word_1_17' title='bbox 2877 861 2960 922; x_wconf 88' lang='lat' dir='ltr'><strong>de</strong></span> <span class='ocrx_word' id='word_1_18' title='bbox 2987 859 3300 922; x_wconf 85' lang='lat' dir='ltr'><strong>mandato</strong></span> <span class='ocrx_word' id='word_1_19' title='bbox 3325 861 3566 924; x_wconf 89' lang='lat' dir='ltr'><strong>domini</strong></span> 
     </span>
     <span class='ocr_line' id='line_1_6' title="bbox 1111 955 3562 1038; baseline 0 -21"><span class='ocrx_word' id='word_1_20' title='bbox 1111 957 1313 1018; x_wconf 87' lang='lat' dir='ltr'><strong>nostri</strong></span> <span class='ocrx_word' id='word_1_21' title='bbox 1354 975 1635 1018; x_wconf 81' lang='lat' dir='ltr'><strong>essemus</strong></span> <span class='ocrx_word' id='word_1_22' title='bbox 1678 959 1743 1018; x_wconf 90' lang='lat' dir='ltr'><strong>in</strong></span> <span class='ocrx_word' id='word_1_23' title='bbox 1784 957 2082 1037; x_wconf 78' lang='lat' dir='ltr'><strong>partibus</strong></span> <span class='ocrx_word' id='word_1_24' title='bbox 2121 957 2368 1028; x_wconf 78' lang='lat' dir='ltr'><strong>Tuscis,</strong></span> <span class='ocrx_word' id='word_1_25' title='bbox 2397 957 2534 1018; x_wconf 86' lang='lat' dir='ltr'><strong>eius</strong></span> <span class='ocrx_word' id='word_1_26' title='bbox 2561 955 2810 1018; x_wconf 84' lang='lat' dir='ltr'><strong>litteras</strong></span> <span class='ocrx_word' id='word_1_27' title='bbox 2841 959 3180 1038; x_wconf 76' lang='lat' dir='ltr'><strong>recipimus</strong></span> <span class='ocrx_word' id='word_1_28' title='bbox 3205 960 3478 1020; x_wconf 81' lang='lat' dir='ltr'><strong>insertas</strong></span> <span class='ocrx_word' id='word_1_29' title='bbox 3499 963 3562 1036; x_wconf 89' lang='lat'><strong>¹).</strong></span> 
     </span>
     <span class='ocr_line' id='line_1_7' title="bbox 1110 1051 3563 1128; baseline 0.001 -16"><span class='ocrx_word' id='word_1_30' title='bbox 1110 1051 1395 1114; x_wconf 85' lang='lat' dir='ltr'><strong>Comune</strong></span> <span class='ocrx_word' id='word_1_31' title='bbox 1436 1053 1613 1115; x_wconf 92' lang='lat' dir='ltr'><strong>Vult.</strong></span> <span class='ocrx_word' id='word_1_32' title='bbox 1658 1055 2042 1128; x_wconf 85' lang='lat' dir='ltr'><strong>monuimus,</strong></span> <span class='ocrx_word' id='word_1_33' title='bbox 2071 1059 2150 1116; x_wconf 85' lang='lat' dir='ltr'><strong>ut</strong></span> <span class='ocrx_word' id='word_1_34' title='bbox 2177 1053 2622 1116; x_wconf 64' lang='lat' dir='ltr'><strong>satisfacerent</strong></span> <span class='ocrx_word' id='word_1_35' title='bbox 2647 1061 2718 1115; x_wconf 86' lang='lat' dir='ltr'><strong>et</strong></span> <span class='ocrx_word' id='word_1_36' title='bbox 2741 1075 2782 1115; x_wconf 84' lang='lat' dir='ltr'><strong>a</strong></span> <span class='ocrx_word' id='word_1_37' title='bbox 2807 1055 3122 1118; x_wconf 71' lang='lat' dir='ltr'>similibus</span> <span class='ocrx_word' id='word_1_38' title='bbox 3147 1055 3563 1117; x_wconf 71' lang='lat' dir='ltr'><strong>abstinerent.</strong></span> 
     </span>
     <span class='ocr_line' id='line_1_8' title="bbox 1110 1149 3563 1234; baseline 0.001 -22"><span class='ocrx_word' id='word_1_39' title='bbox 1110 1149 1238 1222; x_wconf 81' lang='lat' dir='ltr'><strong>Qui</strong></span> <span class='ocrx_word' id='word_1_40' title='bbox 1277 1169 1425 1212; x_wconf 82' lang='lat' dir='ltr'><strong>cum</strong></span> <span class='ocrx_word' id='word_1_41' title='bbox 1468 1153 1791 1214; x_wconf 88' lang='lat' dir='ltr'><strong>noluerint</strong></span> <span class='ocrx_word' id='word_1_42' title='bbox 1832 1151 2089 1214; x_wconf 84' lang='lat' dir='ltr'><strong>obedire</strong></span> <span class='ocrx_word' id='word_1_43' title='bbox 2129 1157 2198 1212; x_wconf 89' lang='lat' dir='ltr'><strong>et</strong></span> <span class='ocrx_word' id='word_1_44' title='bbox 2237 1153 2533 1231; x_wconf 78' lang='lat' dir='ltr'><strong>graviora</strong></span> <span class='ocrx_word' id='word_1_45' title='bbox 2575 1151 2861 1231; x_wconf 85' lang='lat' dir='ltr'><strong>dampna</strong></span> <span class='ocrx_word' id='word_1_46' title='bbox 2904 1156 2924 1229; x_wconf 86' lang='lat'>(</span> <span class='ocrx_word' id='word_1_47' title='bbox 2947 1153 3310 1233; x_wconf 76' lang='lat' dir='ltr'><strong>Pagano)</strong></span> <span class='ocrx_word' id='word_1_48' title='bbox 3353 1171 3456 1234; x_wconf 90' lang='lat' dir='ltr'><strong>ep.</strong></span> <span class='ocrx_word' id='word_1_49' title='bbox 3499 1161 3563 1214; x_wconf 87' lang='lat' dir='ltr'><strong>et</strong></span> 
     </span>
     <span class='ocr_line' id='line_1_9' title="bbox 1107 1247 3560 1330; baseline 0 -21"><span class='ocrx_word' id='word_1_50' title='bbox 1107 1247 1259 1309; x_wconf 84' lang='lat' dir='ltr'><strong>eccl.</strong></span> <span class='ocrx_word' id='word_1_51' title='bbox 1303 1249 1481 1310; x_wconf 87' lang='lat' dir='ltr'><strong>Vult.</strong></span> <span class='ocrx_word' id='word_1_52' title='bbox 1512 1251 1853 1330; x_wconf 77' lang='lat' dir='ltr'><strong>irrogarint</strong></span> <span class='ocrx_word' id='word_1_53' title='bbox 1878 1249 2313 1312; x_wconf 81' lang='lat' dir='ltr'><strong>comburendo</strong></span> <span class='ocrx_word' id='word_1_54' title='bbox 2341 1250 2575 1311; x_wconf 87' lang='lat' dir='ltr'><strong>domus</strong></span> <span class='ocrx_word' id='word_1_55' title='bbox 2603 1255 2977 1321; x_wconf 81' lang='lat' dir='ltr'><strong>castrorum,</strong></span> <span class='ocrx_word' id='word_1_56' title='bbox 3009 1251 3213 1324; x_wconf 70' lang='lat' dir='ltr'><strong>villas,</strong></span> <span class='ocrx_word' id='word_1_57' title='bbox 3245 1252 3560 1326; x_wconf 70' lang='lat' dir='ltr'><strong>eeclesias,</strong></span> 
     </span>
     <span class='ocr_line' id='line_1_10' title="bbox 1110 1345 3562 1427; baseline 0.001 -19"><span class='ocrx_word' id='word_1_58' title='bbox 1110 1347 1507 1425; x_wconf 82' lang='lat' dir='ltr'><strong>captivando</strong></span> <span class='ocrx_word' id='word_1_59' title='bbox 1544 1349 1861 1426; x_wconf 80' lang='lat' dir='ltr'><strong>quosdam</strong></span> <span class='ocrx_word' id='word_1_60' title='bbox 1902 1347 1984 1408; x_wconf 92' lang='lat' dir='ltr'><strong>de</strong></span> <span class='ocrx_word' id='word_1_61' title='bbox 2027 1345 2296 1408; x_wconf 80' lang='lat' dir='ltr'><strong>vassalis</strong></span> <span class='ocrx_word' id='word_1_62' title='bbox 2335 1347 2638 1427; x_wconf 84' lang='lat' dir='ltr'><strong>episcopi,</strong></span> <span class='ocrx_word' id='word_1_63' title='bbox 2669 1349 2881 1426; x_wconf 85' lang='lat' dir='ltr'><strong>ipsum</strong></span> <span class='ocrx_word' id='word_1_64' title='bbox 2913 1346 3284 1420; x_wconf 78' lang='lat' dir='ltr'><strong>obsidendo,</strong></span> <span class='ocrx_word' id='word_1_65' title='bbox 3313 1367 3562 1410; x_wconf 85' lang='lat' dir='ltr'><strong>excom·</strong></span> 
     </span>
     <span class='ocr_line' id='line_1_11' title="bbox 1108 1443 3560 1524; baseline 0 -19"><span class='ocrx_word' id='word_1_66' title='bbox 1108 1445 1515 1506; x_wconf 86' lang='lat' dir='ltr'><strong>municamus</strong></span> <span class='ocrx_word' id='word_1_67' title='bbox 1552 1465 1679 1506; x_wconf 84' lang='lat' dir='ltr'><strong>eos.</strong></span> <span class='ocrx_word' id='word_1_68' title='bbox 1764 1445 1932 1506; x_wconf 86' lang='lat' dir='ltr'><strong>Lata</strong></span> <span class='ocrx_word' id='word_1_69' title='bbox 1985 1443 2162 1524; x_wconf 89' lang='lat' dir='ltr'><strong>apud</strong></span> <span class='ocrx_word' id='word_1_70' title='bbox 2217 1449 2502 1506; x_wconf 85' lang='lat' dir='ltr'><strong>castrum</strong></span> <span class='ocrx_word' id='word_1_71' title='bbox 2557 1445 2856 1507; x_wconf 84' lang='lat' dir='ltr'><strong>Monterii</strong></span> <span class='ocrx_word' id='word_1_72' title='bbox 2909 1447 2978 1508; x_wconf 92' lang='lat' dir='ltr'><strong>in</strong></span> <span class='ocrx_word' id='word_1_73' title='bbox 3033 1446 3182 1506; x_wconf 89' lang='lat' dir='ltr'><strong>eccl.</strong></span> <span class='ocrx_word' id='word_1_74' title='bbox 3227 1465 3277 1506; x_wconf 82' lang='lat' dir='ltr'><strong>s.</strong></span> <span class='ocrx_word' id='word_1_75' title='bbox 3324 1446 3560 1507; x_wconf 90' lang='lat' dir='ltr'><strong>Iacobi.</strong></span> 
     </span>
     <span class='ocr_line' id='line_1_12' title="bbox 1110 1541 3562 1623; baseline 0.002 -21"><span class='ocrx_word' id='word_1_76' title='bbox 1110 1541 1595 1613; x_wconf 84' lang='lat' dir='ltr'><strong>Mocxxxvl,</strong></span> <span class='ocrx_word' id='word_1_77' title='bbox 1628 1551 1827 1622; x_wconf 83' lang='lat' dir='ltr'><strong>temp.</strong></span> <span class='ocrx_word' id='word_1_78' title='bbox 1857 1542 2146 1622; x_wconf 74' lang='lat' dir='ltr'><strong>Gregorii</strong></span> <span class='ocrx_word' id='word_1_79' title='bbox 2173 1542 2395 1616; x_wconf 86' lang='lat' dir='ltr'>vl111,</span> <span class='ocrx_word' id='word_1_80' title='bbox 2425 1549 2604 1623; x_wconf 90' lang='lat' dir='ltr'><strong>pont.</strong></span> <span class='ocrx_word' id='word_1_81' title='bbox 2635 1545 2772 1604; x_wconf 85' lang='lat' dir='ltr'><strong>eius</strong></span> <span class='ocrx_word' id='word_1_82' title='bbox 2802 1544 2886 1616; x_wconf 91' lang='lat' dir='ltr'><strong>X,</strong></span> <span class='ocrx_word' id='word_1_83' title='bbox 2921 1543 3096 1606; x_wconf 90' lang='lat' dir='ltr'>XIII</span> <span class='ocrx_word' id='word_1_84' title='bbox 3126 1563 3261 1623; x_wconf 89' lang='lat' dir='ltr'><strong>apr.</strong></span> <span class='ocrx_word' id='word_1_85' title='bbox 3349 1545 3562 1606; x_wconf 80' lang='lat' dir='ltr'><strong>Priore</strong></span> 
     </span>
     <span class='ocr_line' id='line_1_13' title="bbox 1106 1639 3560 1721; baseline 0 -21"><span class='ocrx_word' id='word_1_86' title='bbox 1106 1659 1159 1700; x_wconf 91' lang='lat' dir='ltr'><strong>s.</strong></span> <span class='ocrx_word' id='word_1_87' title='bbox 1204 1639 1492 1718; x_wconf 76' lang='lat' dir='ltr'><strong>Galgani.</strong></span> <span class='ocrx_word' id='word_1_88' title='bbox 1540 1641 1756 1702; x_wconf 87' lang='lat' dir='ltr'><strong>Presb.</strong></span> <span class='ocrx_word' id='word_1_89' title='bbox 1792 1641 2224 1720; x_wconf 79' lang='lat' dir='ltr'><strong>Bonansegna</strong></span> <span class='ocrx_word' id='word_1_90' title='bbox 2277 1640 2551 1720; x_wconf 77' lang='lat' dir='ltr'><strong>plebano</strong></span> <span class='ocrx_word' id='word_1_91' title='bbox 2607 1663 2657 1702; x_wconf 76' lang='lat' dir='ltr'><strong>s,</strong></span> <span class='ocrx_word' id='word_1_92' title='bbox 2709 1641 2914 1702; x_wconf 88' lang='lat' dir='ltr'><strong>Pauli.</strong></span> <span class='ocrx_word' id='word_1_93' title='bbox 2976 1640 3274 1721; x_wconf 89' lang='lat' dir='ltr'><strong>Philippo</strong></span> <span class='ocrx_word' id='word_1_94' title='bbox 3327 1662 3469 1704; x_wconf 88' lang='lat' dir='ltr'><strong>can.</strong></span> <span class='ocrx_word' id='word_1_95' title='bbox 3511 1662 3560 1704; x_wconf 88' lang='lat' dir='ltr'><strong>s.</strong></span> 
     </span>
     <span class='ocr_line' id='line_1_14' title="bbox 1112 1737 3557 1820; baseline 0.001 -22"><span class='ocrx_word' id='word_1_96' title='bbox 1112 1738 1315 1798; x_wconf 87' lang='lat' dir='ltr'><strong>Pauli.</strong></span> <span class='ocrx_word' id='word_1_97' title='bbox 1350 1737 1565 1800; x_wconf 90' lang='lat' dir='ltr'><strong>Presb.</strong></span> <span class='ocrx_word' id='word_1_98' title='bbox 1590 1739 1717 1818; x_wconf 88' lang='lat' dir='ltr'><strong>Spe</strong></span> <span class='ocrx_word' id='word_1_99' title='bbox 1740 1745 1986 1800; x_wconf 89' lang='lat' dir='ltr'><strong>rectore</strong></span> <span class='ocrx_word' id='word_1_100' title='bbox 2013 1738 2163 1800; x_wconf 87' lang='lat' dir='ltr'><strong>eccl.</strong></span> <span class='ocrx_word' id='word_1_101' title='bbox 2195 1758 2244 1799; x_wconf 93' lang='lat' dir='ltr'><strong>s.</strong></span> <span class='ocrx_word' id='word_1_102' title='bbox 2278 1737 2518 1800; x_wconf 83' lang='lat' dir='ltr'><strong>Iacobi.</strong></span> <span class='ocrx_word' id='word_1_103' title='bbox 2549 1738 2898 1818; x_wconf 84' lang='lat' dir='ltr'><strong>Ceampulo</strong></span> <span class='ocrx_word' id='word_1_104' title='bbox 2927 1739 3220 1816; x_wconf 80' lang='lat' dir='ltr'><strong>Hugonis</strong></span> <span class='ocrx_word' id='word_1_105' title='bbox 3249 1739 3557 1820; x_wconf 83' lang='lat' dir='ltr'><strong>Rog(erii)</strong></span> 
     </span>
     <span class='ocr_line' id='line_1_15' title="bbox 1110 1835 3558 1919; baseline 0 -21"><span class='ocrx_word' id='word_1_106' title='bbox 1110 1841 1435 1916; x_wconf 76' lang='lat' dir='ltr'><strong>potestate</strong></span> <span class='ocrx_word' id='word_1_107' title='bbox 1476 1837 1689 1898; x_wconf 83' lang='lat' dir='ltr'><strong>castri.</strong></span> <span class='ocrx_word' id='word_1_108' title='bbox 1736 1837 2132 1916; x_wconf 81' lang='lat' dir='ltr'><strong>Bonagratia</strong></span> <span class='ocrx_word' id='word_1_109' title='bbox 2173 1837 2254 1898; x_wconf 93' lang='lat' dir='ltr'><strong>de</strong></span> <span class='ocrx_word' id='word_1_110' title='bbox 2296 1839 2462 1900; x_wconf 89' lang='lat' dir='ltr'><strong>Sena</strong></span> <span class='ocrx_word' id='word_1_111' title='bbox 2505 1841 2584 1897; x_wconf 91' lang='lat' dir='ltr'><strong>tt.</strong></span> <span class='ocrx_word' id='word_1_112' title='bbox 2671 1835 3002 1898; x_wconf 75' lang='lat' dir='ltr'><strong>odorisius</strong></span> <span class='ocrx_word' id='word_1_113' title='bbox 3043 1837 3124 1898; x_wconf 91' lang='lat' dir='ltr'><strong>de</strong></span> <span class='ocrx_word' id='word_1_114' title='bbox 3168 1837 3488 1918; x_wconf 73' lang='lat' dir='ltr'><strong>Paganica</strong></span> <span class='ocrx_word' id='word_1_115' title='bbox 3513 1843 3558 1919; x_wconf 76' lang='lat'><strong>⁸)</strong></span> 
     </span>
     <span class='ocr_line' id='line_1_16' title="bbox 1114 1933 3004 1996; baseline -0.002 0"><span class='ocrx_word' id='word_1_116' title='bbox 1114 1933 1299 1996; x_wconf 82' lang='lat' dir='ltr'><strong>Rom.</strong></span> <span class='ocrx_word' id='word_1_117' title='bbox 1346 1933 1517 1994; x_wconf 87' lang='lat' dir='ltr'><strong>Eccl.</strong></span> <span class='ocrx_word' id='word_1_118' title='bbox 1562 1933 1948 1995; x_wconf 60' lang='lat' dir='ltr'><strong>scriniarius</strong></span> <span class='ocrx_word' id='word_1_119' title='bbox 2999 1959 3004 1964; x_wconf 87' lang='grc'><em>·</em></span> 
     </span>
     <span class='ocr_line' id='line_1_17' title="bbox 1427 2031 3562 2111; baseline 0.001 -19"><span class='ocrx_word' id='word_1_120' title='bbox 1427 2031 1685 2093; x_wconf 72' lang='lat' dir='ltr'><strong>Florem</strong></span> <span class='ocrx_word' id='word_1_121' title='bbox 1728 2031 1882 2093; x_wconf 74' lang='lat' dir='ltr'><strong>Ast.</strong></span> <span class='ocrx_word' id='word_1_122' title='bbox 1929 2031 2117 2108; x_wconf 76' lang='lat' dir='ltr'><strong>(Volt.</strong></span> <span class='ocrx_word' id='word_1_123' title='bbox 2163 2033 2325 2094; x_wconf 88' lang='lat'><em>1236</em></span> <span class='ocrx_word' id='word_1_124' title='bbox 2378 2033 2481 2095; x_wconf 88' lang='lat' dir='ltr'><strong>IV</strong></span> <span class='ocrx_word' id='word_1_125' title='bbox 2537 2033 2634 2104; x_wconf 82' lang='lat'><strong>10.</strong></span> <span class='ocrx_word' id='word_1_126' title='bbox 2694 2054 2756 2092; x_wconf 81' lang='lat' dir='ltr'><strong>n.</strong></span> <span class='ocrx_word' id='word_1_127' title='bbox 2801 2032 2944 2110; x_wconf 85' lang='lat'>396)</span> <span class='ocrx_word' id='word_1_128' title='bbox 3003 2033 3175 2111; x_wconf 76' lang='lat' dir='ltr'><strong>Oriq.</strong></span> <span class='ocrx_word' id='word_1_129' title='bbox 3237 2033 3374 2110; x_wconf 78' lang='lat' dir='ltr'><strong>(aus</strong></span> <span class='ocrx_word' id='word_1_130' title='bbox 3423 2033 3562 2094; x_wconf 83' lang='lat' dir='ltr'><strong>dem</strong></span> 
     </span>
     <span class='ocr_line' id='line_1_18' title="bbox 1426 2129 2585 2207; baseline 0 -17"><span class='ocrx_word' id='word_1_131' title='bbox 1426 2129 1701 2207; x_wconf 72' lang='lat' dir='ltr'><strong>qleicllen</strong></span> <span class='ocrx_word' id='word_1_132' title='bbox 1746 2129 2116 2206; x_wconf 72' lang='lat' dir='ltr'><strong>Perqament</strong></span> <span class='ocrx_word' id='word_1_133' title='bbox 2158 2131 2270 2190; x_wconf 75' lang='lat' dir='ltr'><strong>wie</strong></span> <span class='ocrx_word' id='word_1_134' title='bbox 2311 2151 2374 2192; x_wconf 83' lang='lat' dir='ltr'><strong>n.</strong></span> <span class='ocrx_word' id='word_1_135' title='bbox 2419 2129 2585 2206; x_wconf 80' lang='lat'><strong>536).</strong></span> 
     </span>
    </p>
   </div>
   <div class='ocr_carea' id='block_1_5' title="bbox 1096 2325 3564 2792">
    <p class='ocr_par' dir='ltr' id='par_1_5' title="bbox 1110 2325 3560 2396">
     <span class='ocr_line' id='line_1_19' title="bbox 1110 2325 3560 2396; baseline 0 -10"><span class='ocrx_word' id='word_1_136' title='bbox 1110 2327 1246 2386; x_wconf 85' lang='lat'><strong>535.</strong></span> <span class='ocrx_word' id='word_1_137' title='bbox 2734 2326 3024 2396; x_wconf 72' lang='lat' dir='ltr'><strong>volema,</strong></span> <span class='ocrx_word' id='word_1_138' title='bbox 3069 2325 3150 2387; x_wconf 89' lang='lat'><strong>19</strong></span> <span class='ocrx_word' id='word_1_139' title='bbox 3192 2327 3338 2392; x_wconf 79' lang='lat' dir='ltr'><strong>Mai</strong></span> <span class='ocrx_word' id='word_1_140' title='bbox 3379 2326 3560 2387; x_wconf 84' lang='lat'><strong><em>1236</em></strong></span> 
     </span>
    </p>

    <p class='ocr_par' dir='ltr' id='par_1_6' title="bbox 1096 2422 3564 2792">
     <span class='ocr_line' id='line_1_20' title="bbox 1232 2422 3560 2502; baseline -0.001 -16"><span class='ocrx_word' id='word_1_141' title='bbox 1232 2422 1714 2496; x_wconf 85' lang='lat' dir='ltr'>MCCXXXVI,</span> <span class='ocrx_word' id='word_1_142' title='bbox 1745 2425 1879 2485; x_wconf 89' lang='lat' dir='ltr'><strong>ind.</strong></span> <span class='ocrx_word' id='word_1_143' title='bbox 1908 2423 2134 2498; x_wconf 89' lang='lat' dir='ltr'>VIIII,</span> <span class='ocrx_word' id='word_1_144' title='bbox 2166 2423 2328 2485; x_wconf 90' lang='lat' dir='ltr'><strong>XIV</strong></span> <span class='ocrx_word' id='word_1_145' title='bbox 2351 2423 2477 2484; x_wconf 85' lang='lat' dir='ltr'><strong>kal.</strong></span> <span class='ocrx_word' id='word_1_146' title='bbox 2506 2423 2639 2486; x_wconf 86' lang='lat' dir='ltr'><strong>iun.</strong></span> <span class='ocrx_word' id='word_1_147' title='bbox 2723 2423 3104 2487; x_wconf 83' lang='lat' dir='ltr'><strong>Coadunato</strong></span> <span class='ocrx_word' id='word_1_148' title='bbox 3133 2424 3396 2485; x_wconf 86' lang='lat' dir='ltr'><strong>consilio</strong></span> <span class='ocrx_word' id='word_1_149' title='bbox 3423 2444 3560 2502; x_wconf 89' lang='lat' dir='ltr'><strong>spe-</strong></span> 
     </span>
     <span class='ocr_line' id='line_1_21' title="bbox 1110 2521 3564 2601; baseline 0 -21"><span class='ocrx_word' id='word_1_150' title='bbox 1110 2521 1251 2581; x_wconf 82' lang='lat' dir='ltr'><strong>ciali</strong></span> <span class='ocrx_word' id='word_1_151' title='bbox 1296 2521 1678 2582; x_wconf 86' lang='lat' dir='ltr'><strong>Donatus</strong></span> <span class='ocrx_word' id='word_1_152' title='bbox 1720 2521 2020 2584; x_wconf 86' lang='lat' dir='ltr'><strong>Ubertini</strong></span> <span class='ocrx_word' id='word_1_153' title='bbox 2061 2522 2292 2584; x_wconf 87' lang='lat' dir='ltr'><strong>Vult.</strong></span> <span class='ocrx_word' id='word_1_154' title='bbox 2346 2527 2728 2601; x_wconf 86' lang='lat' dir='ltr'><strong>potestas</strong></span> <span class='ocrx_word' id='word_1_155' title='bbox 2779 2521 2997 2582; x_wconf 83' lang='lat' dir='ltr'><strong>volens</strong></span> <span class='ocrx_word' id='word_1_156' title='bbox 3039 2521 3430 2582; x_wconf 84' lang='lat' dir='ltr'><strong>Florentiam</strong></span> <span class='ocrx_word' id='word_1_157' title='bbox 3474 2522 3564 2580; x_wconf 88' lang='lat' dir='ltr'><strong>ire</strong></span> 
     </span>
     <span class='ocr_line' id='line_1_22' title="bbox 1096 2617 3560 2701; baseline -0 -22"><span class='ocrx_word' id='word_1_158' title='bbox 1096 2619 1363 2699; x_wconf 77' lang='lat' dir='ltr'><strong>reliquit</strong></span> <span class='ocrx_word' id='word_1_159' title='bbox 1410 2621 1678 2680; x_wconf 82' lang='lat' dir='ltr'><strong>vicarios</strong></span> <span class='ocrx_word' id='word_1_160' title='bbox 1720 2619 2085 2698; x_wconf 79' lang='lat' dir='ltr'><strong>Alagerium</strong></span> <span class='ocrx_word' id='word_1_161' title='bbox 2146 2621 2408 2701; x_wconf 76' lang='lat' dir='ltr'><strong>Bargesi</strong></span> <span class='ocrx_word' id='word_1_162' title='bbox 2463 2626 2525 2680; x_wconf 85' lang='lat' dir='ltr'><strong>et</strong></span> <span class='ocrx_word' id='word_1_163' title='bbox 2585 2619 3032 2700; x_wconf 80' lang='lat' dir='ltr'><strong>Bonaguidam</strong></span> <span class='ocrx_word' id='word_1_164' title='bbox 3092 2620 3322 2698; x_wconf 82' lang='lat' dir='ltr'><strong>Parigi.</strong></span> <span class='ocrx_word' id='word_1_165' title='bbox 3415 2617 3560 2679; x_wconf 86' lang='lat' dir='ltr'><strong>Act.</strong></span> 
     </span>
     <span class='ocr_line' id='line_1_23' title="bbox 1109 2717 3563 2792; baseline -0.002 -12"><span class='ocrx_word' id='word_1_166' title='bbox 1109 2717 1284 2780; x_wconf 87' lang='lat' dir='ltr'><strong>Vult.</strong></span> <span class='ocrx_word' id='word_1_167' title='bbox 1330 2717 1397 2780; x_wconf 90' lang='lat' dir='ltr'><strong>in</strong></span> <span class='ocrx_word' id='word_1_168' title='bbox 1438 2717 1585 2779; x_wconf 88' lang='lat' dir='ltr'><strong>eccl.</strong></span> <span class='ocrx_word' id='word_1_169' title='bbox 1634 2719 1875 2778; x_wconf 88' lang='lat' dir='ltr'><strong>maiori.</strong></span> <span class='ocrx_word' id='word_1_170' title='bbox 1963 2717 2239 2792; x_wconf 88' lang='lat' dir='ltr'><strong>Tedicio‚</strong></span> <span class='ocrx_word' id='word_1_171' title='bbox 2271 2717 2562 2780; x_wconf 85' lang='lat' dir='ltr'><strong>Casolese</strong></span> <span class='ocrx_word' id='word_1_172' title='bbox 2595 2724 2663 2780; x_wconf 88' lang='lat' dir='ltr'><strong>et</strong></span> <span class='ocrx_word' id='word_1_173' title='bbox 2693 2717 2971 2779; x_wconf 82' lang='lat' dir='ltr'><strong>Aezeino</strong></span> <span class='ocrx_word' id='word_1_174' title='bbox 2997 2717 3246 2779; x_wconf 90' lang='lat' dir='ltr'><strong>nunciis</strong></span> <span class='ocrx_word' id='word_1_175' title='bbox 3271 2719 3563 2778; x_wconf 88' lang='lat' dir='ltr'><strong>comunis</strong></span> 
     </span>
    </p>
   </div>
   <div class='ocr_carea' id='block_1_6' title="bbox 1110 2815 2904 2991">
    <p class='ocr_par' dir='ltr' id='par_1_7' title="bbox 1110 2815 2904 2991">
     <span class='ocr_line' id='line_1_24' title="bbox 1110 2815 2302 2896; baseline -0.002 -21"><span class='ocrx_word' id='word_1_176' title='bbox 1110 2820 1187 2877; x_wconf 90' lang='lat' dir='ltr'><strong>tt.</strong></span> <span class='ocrx_word' id='word_1_177' title='bbox 1275 2816 1693 2877; x_wconf 85' lang='lat' dir='ltr'><strong>Benvenutus</strong></span> <span class='ocrx_word' id='word_1_178' title='bbox 1735 2817 1889 2896; x_wconf 89' lang='lat' dir='ltr'><strong>imp.</strong></span> <span class='ocrx_word' id='word_1_179' title='bbox 1936 2815 2120 2876; x_wconf 83' lang='lat' dir='ltr'><strong>Fred.</strong></span> <span class='ocrx_word' id='word_1_180' title='bbox 2165 2825 2302 2878; x_wconf 87' lang='lat' dir='ltr'><strong>not.</strong></span> 
     </span>
     <span class='ocr_line' id='line_1_25' title="bbox 1432 2911 2904 2991; baseline -0.001 -16"><span class='ocrx_word' id='word_1_181' title='bbox 1432 2913 1589 2975; x_wconf 77' lang='lat' dir='ltr'><strong>Volt.</strong></span> <span class='ocrx_word' id='word_1_182' title='bbox 1638 2913 1876 2975; x_wconf 72' lang='lat' dir='ltr'><strong>AVesc.</strong></span> <span class='ocrx_word' id='word_1_183' title='bbox 1923 2933 1973 2974; x_wconf 81' lang='lat' dir='ltr'><strong>s.</strong></span> <span class='ocrx_word' id='word_1_184' title='bbox 2019 2911 2210 2975; x_wconf 89' lang='lat' dir='ltr'><strong>XIII</strong></span> <span class='ocrx_word' id='word_1_185' title='bbox 2249 2913 2371 2975; x_wconf 82' lang='lat' dir='ltr'><strong>dec.</strong></span> <span class='ocrx_word' id='word_1_186' title='bbox 2419 2915 2457 2974; x_wconf 76' lang='lat'><strong><em>4</em></strong></span> <span class='ocrx_word' id='word_1_187' title='bbox 2499 2933 2562 2974; x_wconf 77' lang='grc' dir='ltr'><strong>π.</strong></span> <span class='ocrx_word' id='word_1_188' title='bbox 2607 2913 2688 2974; x_wconf 91' lang='grc'><strong>26</strong></span> <span class='ocrx_word' id='word_1_189' title='bbox 2728 2913 2904 2991; x_wconf 76' lang='lat' dir='ltr'><strong>Oriq.</strong></span> 
     </span>
    </p>
   </div>
   <div class='ocr_carea' id='block_1_7' title="bbox 1104 3159 3562 3828">
    <p class='ocr_par' dir='ltr' id='par_1_8' title="bbox 1106 3159 3556 3240">
     <span class='ocr_line' id='line_1_26' title="bbox 1106 3159 3556 3240; baseline -0.002 -14"><span class='ocrx_word' id='word_1_190' title='bbox 1106 3165 1243 3226; x_wconf 82' lang='lat'><strong>536.</strong></span> <span class='ocrx_word' id='word_1_191' title='bbox 2745 3162 3067 3240; x_wconf 60' lang='lat' dir='ltr'><strong>(Vultu-ra,</strong></span> <span class='ocrx_word' id='word_1_192' title='bbox 3113 3159 3302 3239; x_wconf 76' lang='lat' dir='ltr'><strong>April</strong></span> <span class='ocrx_word' id='word_1_193' title='bbox 3342 3161 3556 3238; x_wconf 84' lang='grc'><strong><em>1236).</em></strong></span> 
     </span>
    </p>

    <p class='ocr_par' dir='ltr' id='par_1_9' title="bbox 1104 3257 3562 3828">
     <span class='ocr_line' id='line_1_27' title="bbox 1226 3257 3562 3342; baseline -0.002 -20"><span class='ocrx_word' id='word_1_194' title='bbox 1226 3262 1553 3342; x_wconf 85' lang='lat' dir='ltr'><strong>G(regorio</strong></span> <span class='ocrx_word' id='word_1_195' title='bbox 1595 3259 1719 3336; x_wconf 87' lang='lat' dir='ltr'>IX)</span> <span class='ocrx_word' id='word_1_196' title='bbox 1764 3279 2018 3323; x_wconf 84' lang='lat' dir='ltr'><strong>summo</strong></span> <span class='ocrx_word' id='word_1_197' title='bbox 2061 3261 2344 3340; x_wconf 86' lang='lat' dir='ltr'><strong>pontifici</strong></span> <span class='ocrx_word' id='word_1_198' title='bbox 2387 3260 2744 3338; x_wconf 86' lang='lat' dir='ltr'><strong>capitulum</strong></span> <span class='ocrx_word' id='word_1_199' title='bbox 2774 3258 2950 3320; x_wconf 86' lang='lat' dir='ltr'><strong>Vult.</strong></span> <span class='ocrx_word' id='word_1_200' title='bbox 3034 3259 3193 3322; x_wconf 83' lang='lat' dir='ltr'><strong>Cum</strong></span> <span class='ocrx_word' id='word_1_201' title='bbox 3242 3257 3562 3319; x_wconf 74' lang='lat' dir='ltr'><strong>discordia</strong></span> 
     </span>
     <span class='ocr_line' id='line_1_28' title="bbox 1106 3355 3562 3438; baseline -0.001 -20"><span class='ocrx_word' id='word_1_202' title='bbox 1106 3361 1190 3419; x_wconf 86' lang='lat' dir='ltr'><strong>sit</strong></span> <span class='ocrx_word' id='word_1_203' title='bbox 1234 3361 1399 3422; x_wconf 86' lang='lat' dir='ltr'><strong>inter</strong></span> <span class='ocrx_word' id='word_1_204' title='bbox 1444 3359 1519 3434; x_wconf 91' lang='lat' dir='ltr'><strong>(P</strong></span> <span class='ocrx_word' id='word_1_205' title='bbox 1539 3363 1903 3437; x_wconf 86' lang='lat' dir='ltr'><strong>aganum)</strong></span> <span class='ocrx_word' id='word_1_206' title='bbox 1950 3378 2048 3438; x_wconf 91' lang='lat' dir='ltr'><strong>ep.</strong></span> <span class='ocrx_word' id='word_1_207' title='bbox 2077 3367 2146 3419; x_wconf 91' lang='lat' dir='ltr'><strong>et</strong></span> <span class='ocrx_word' id='word_1_208' title='bbox 2172 3377 2443 3421; x_wconf 89' lang='lat' dir='ltr'><strong>comune</strong></span> <span class='ocrx_word' id='word_1_209' title='bbox 2472 3357 2670 3426; x_wconf 76' lang='lat' dir='ltr'><strong>vult..</strong></span> <span class='ocrx_word' id='word_1_210' title='bbox 2705 3355 3118 3434; x_wconf 85' lang='lat' dir='ltr'><strong>A(lexander)</strong></span> <span class='ocrx_word' id='word_1_211' title='bbox 3145 3355 3562 3436; x_wconf 81' lang='lat' dir='ltr'><strong>cappellanus</strong></span> 
     </span>
     <span class='ocr_line' id='line_1_29' title="bbox 1106 3453 3561 3534; baseline -0.002 -18"><span class='ocrx_word' id='word_1_212' title='bbox 1106 3462 1318 3517; x_wconf 86' lang='lat' dir='ltr'><strong>vester</strong></span> <span class='ocrx_word' id='word_1_213' title='bbox 1359 3457 1705 3518; x_wconf 82' lang='lat' dir='ltr'><strong>inducebat</strong></span> <span class='ocrx_word' id='word_1_214' title='bbox 1746 3475 2037 3529; x_wconf 87' lang='lat' dir='ltr'><strong>comune,</strong></span> <span class='ocrx_word' id='word_1_215' title='bbox 2080 3464 2154 3517; x_wconf 89' lang='lat' dir='ltr'><strong>ut</strong></span> <span class='ocrx_word' id='word_1_216' title='bbox 2183 3455 2624 3518; x_wconf 69' lang='lat' dir='ltr'><strong>satisfacerent</strong></span> <span class='ocrx_word' id='word_1_217' title='bbox 2653 3456 2950 3534; x_wconf 80' lang='lat' dir='ltr'><strong>episcopo</strong></span> <span class='ocrx_word' id='word_1_218' title='bbox 2980 3453 3058 3515; x_wconf 91' lang='lat' dir='ltr'><strong>de</strong></span> <span class='ocrx_word' id='word_1_219' title='bbox 3085 3453 3404 3533; x_wconf 84' lang='lat' dir='ltr'><strong>dampnis,</strong></span> <span class='ocrx_word' id='word_1_220' title='bbox 3435 3472 3561 3532; x_wconf 88' lang='lat' dir='ltr'><strong>que</strong></span> 
     </span>
     <span class='ocr_line' id='line_1_30' title="bbox 1104 3551 3562 3634; baseline -0.002 -18"><span class='ocrx_word' id='word_1_221' title='bbox 1104 3575 1206 3634; x_wconf 89' lang='lat' dir='ltr'><strong>ep.</strong></span> <span class='ocrx_word' id='word_1_222' title='bbox 1252 3553 1509 3617; x_wconf 84' lang='lat' dir='ltr'><strong>dicebat</strong></span> <span class='ocrx_word' id='word_1_223' title='bbox 1548 3575 1615 3616; x_wconf 88' lang='lat' dir='ltr'><strong>se</strong></span> <span class='ocrx_word' id='word_1_224' title='bbox 1656 3555 1990 3628; x_wconf 83' lang='lat' dir='ltr'><strong>habuisse;</strong></span> <span class='ocrx_word' id='word_1_225' title='bbox 2035 3573 2305 3616; x_wconf 89' lang='lat' dir='ltr'><strong>comune</strong></span> <span class='ocrx_word' id='word_1_226' title='bbox 2346 3552 2777 3633; x_wconf 87' lang='lat' dir='ltr'><strong>respondebat</strong></span> <span class='ocrx_word' id='word_1_227' title='bbox 2831 3573 2900 3614; x_wconf 89' lang='lat' dir='ltr'><strong>se</strong></span> <span class='ocrx_word' id='word_1_228' title='bbox 2955 3559 3255 3632; x_wconf 84' lang='lat' dir='ltr'><strong>paratum</strong></span> <span class='ocrx_word' id='word_1_229' title='bbox 3310 3551 3448 3611; x_wconf 77' lang='lat' dir='ltr'><strong>iore</strong></span> <span class='ocrx_word' id='word_1_230' title='bbox 3501 3552 3562 3610; x_wconf 90' lang='lat' dir='ltr'><strong>ei</strong></span> 
     </span>
     <span class='ocr_line' id='line_1_31' title="bbox 1106 3647 3560 3732; baseline -0.002 -20"><span class='ocrx_word' id='word_1_231' title='bbox 1106 3652 1471 3714; x_wconf 80' lang='lat' dir='ltr'><strong>satisfacere</strong></span> <span class='ocrx_word' id='word_1_232' title='bbox 1512 3653 1592 3714; x_wconf 88' lang='lat' dir='ltr'><strong>de</strong></span> <span class='ocrx_word' id='word_1_233' title='bbox 1634 3652 1953 3732; x_wconf 71' lang='lat' dir='ltr'><strong>dampniS,</strong></span> <span class='ocrx_word' id='word_1_234' title='bbox 1996 3654 2051 3713; x_wconf 89' lang='lat' dir='ltr'><strong>si</strong></span> <span class='ocrx_word' id='word_1_235' title='bbox 2091 3672 2223 3731; x_wconf 91' lang='lat' dir='ltr'><strong>qua</strong></span> <span class='ocrx_word' id='word_1_236' title='bbox 2263 3652 2592 3722; x_wconf 89' lang='lat' dir='ltr'><strong>intulerat,</strong></span> <span class='ocrx_word' id='word_1_237' title='bbox 2635 3658 2701 3710; x_wconf 91' lang='lat' dir='ltr'><strong>et</strong></span> <span class='ocrx_word' id='word_1_238' title='bbox 2756 3651 2839 3711; x_wconf 90' lang='lat' dir='ltr'><strong>de</strong></span> <span class='ocrx_word' id='word_1_239' title='bbox 2877 3649 3196 3712; x_wconf 84' lang='lat' dir='ltr'><strong>discordia</strong></span> <span class='ocrx_word' id='word_1_240' title='bbox 3249 3656 3421 3709; x_wconf 84' lang='lat' dir='ltr'><strong>stare</strong></span> <span class='ocrx_word' id='word_1_241' title='bbox 3475 3647 3560 3708; x_wconf 89' lang='lat' dir='ltr'><strong>ad</strong></span> 
     </span>
     <span class='ocr_line' id='line_1_32' title="bbox 1104 3745 3558 3828; baseline -0.002 -18"><span class='ocrx_word' id='word_1_242' title='bbox 1104 3770 1200 3828; x_wconf 91' lang='lat' dir='ltr'><strong>ep.</strong></span> <span class='ocrx_word' id='word_1_243' title='bbox 1247 3749 1664 3821; x_wconf 82' lang='lat' dir='ltr'><strong>mandatum3</strong></span> <span class='ocrx_word' id='word_1_244' title='bbox 1708 3757 1897 3828; x_wconf 74' lang='lat' dir='ltr'><strong>snper</strong></span> <span class='ocrx_word' id='word_1_245' title='bbox 1940 3748 2174 3828; x_wconf 83' lang='lat' dir='ltr'><strong>quibus</strong></span> <span class='ocrx_word' id='word_1_246' title='bbox 2216 3747 2376 3808; x_wconf 83' lang='lat' dir='ltr'><strong>ferre</strong></span> <span class='ocrx_word' id='word_1_247' title='bbox 2417 3766 2758 3826; x_wconf 79' lang='lat' dir='ltr'><strong>possumus</strong></span> <span class='ocrx_word' id='word_1_248' title='bbox 2799 3765 3014 3807; x_wconf 84' lang='lat' dir='ltr'><strong>coram</strong></span> <span class='ocrx_word' id='word_1_249' title='bbox 3059 3745 3242 3809; x_wconf 83' lang='lat' dir='ltr'><strong>vobis</strong></span> <span class='ocrx_word' id='word_1_250' title='bbox 3269 3745 3558 3806; x_wconf 81' lang='lat' dir='ltr'><strong>testimo-</strong></span> 
     </span>
    </p>
   </div>
   <div class='ocr_carea' id='block_1_8' title="bbox 1104 3847 3458 4022">
    <p class='ocr_par' dir='ltr' id='par_1_10' title="bbox 1104 3847 3458 4022">
     <span class='ocr_line' id='line_1_33' title="bbox 1104 3847 1642 3909; baseline 0 -2"><span class='ocrx_word' id='word_1_251' title='bbox 1104 3847 1283 3908; x_wconf 90' lang='lat' dir='ltr'><strong>nium</strong></span> <span class='ocrx_word' id='word_1_252' title='bbox 1330 3849 1642 3909; x_wconf 85' lang='lat' dir='ltr'><strong>veritatis.</strong></span> 
     </span>
     <span class='ocr_line' id='line_1_34' title="bbox 1432 3939 3458 4022; baseline -0.004 -16"><span class='ocrx_word' id='word_1_253' title='bbox 1432 3943 1567 4006; x_wconf 70' lang='lat' dir='ltr'><strong>Wie</strong></span> <span class='ocrx_word' id='word_1_254' title='bbox 1604 3965 1669 4005; x_wconf 77' lang='lat' dir='ltr'><strong>n.</strong></span> <span class='ocrx_word' id='word_1_255' title='bbox 1714 3945 1833 4006; x_wconf 78' lang='lat'><strong>534</strong></span> <span class='ocrx_word' id='word_1_256' title='bbox 1874 3943 2028 4022; x_wconf 80' lang='lat' dir='ltr'><strong>Gop.</strong></span> <span class='ocrx_word' id='word_1_257' title='bbox 2079 3945 2173 4020; x_wconf 80' lang='lat' dir='ltr'><strong>(in</strong></span> <span class='ocrx_word' id='word_1_258' title='bbox 2215 3941 2628 4022; x_wconf 71' lang='lat' dir='ltr'><strong>umqekchrter</strong></span> <span class='ocrx_word' id='word_1_259' title='bbox 2670 3941 2984 4020; x_wconf 71' lang='lat' dir='ltr'><strong>Riehtunq</strong></span> <span class='ocrx_word' id='word_1_260' title='bbox 3027 3939 3458 4020; x_wconf 62' lang='lat' dir='ltr'><strong>aeschrieben).</strong></span> 
     </span>
    </p>
   </div>
   <div class='ocr_carea' id='block_1_9' title="bbox 1045 4179 3558 4252">
    <p class='ocr_par' dir='ltr' id='par_1_11' title="bbox 1045 4179 3558 4252">
     <span class='ocr_line' id='line_1_35' title="bbox 1045 4179 3558 4252; baseline -0.003 -6"><span class='ocrx_word' id='word_1_261' title='bbox 1045 4216 1053 4224; x_wconf 93' lang='lat'><strong>·</strong></span> <span class='ocrx_word' id='word_1_262' title='bbox 1106 4186 1242 4248; x_wconf 87' lang='lat'><strong>537.</strong></span> <span class='ocrx_word' id='word_1_263' title='bbox 2742 4181 3020 4252; x_wconf 70' lang='lat' dir='ltr'><strong>Florem,</strong></span> <span class='ocrx_word' id='word_1_264' title='bbox 3063 4181 3146 4242; x_wconf 87' lang='grc'><strong>26</strong></span> <span class='ocrx_word' id='word_1_265' title='bbox 3189 4179 3337 4240; x_wconf 74' lang='lat' dir='ltr'><strong>Mai</strong></span> <span class='ocrx_word' id='word_1_266' title='bbox 3377 4179 3558 4241; x_wconf 84' lang='lat'><strong>1236.</strong></span> 
     </span>
    </p>
   </div>
   <div class='ocr_carea' id='block_1_10' title="bbox 1108 4277 3558 4554">
    <p class='ocr_par' dir='ltr' id='par_1_12' title="bbox 1108 4277 3558 4554">
     <span class='ocr_line' id='line_1_36' title="bbox 1226 4277 3558 4360; baseline -0.002 -18"><span class='ocrx_word' id='word_1_267' title='bbox 1226 4283 1521 4342; x_wconf 72' lang='lat' dir='ltr'><strong>Potestas</strong></span> <span class='ocrx_word' id='word_1_268' title='bbox 1565 4281 1731 4342; x_wconf 84' lang='lat' dir='ltr'><strong>Flor.</strong></span> <span class='ocrx_word' id='word_1_269' title='bbox 1775 4283 2046 4359; x_wconf 87' lang='lat' dir='ltr'><strong>precipit</strong></span> <span class='ocrx_word' id='word_1_270' title='bbox 2089 4281 2370 4360; x_wconf 85' lang='lat' dir='ltr'><strong>quedam</strong></span> <span class='ocrx_word' id='word_1_271' title='bbox 2409 4281 2491 4341; x_wconf 88' lang='lat' dir='ltr'><strong>de</strong></span> <span class='ocrx_word' id='word_1_272' title='bbox 2531 4280 2647 4340; x_wconf 89' lang='lat' dir='ltr'><strong>lite</strong></span> <span class='ocrx_word' id='word_1_273' title='bbox 2693 4299 2838 4339; x_wconf 87' lang='lat' dir='ltr'><strong>cum</strong></span> <span class='ocrx_word' id='word_1_274' title='bbox 2881 4279 3144 4339; x_wconf 88' lang='lat' dir='ltr'><strong>comuni</strong></span> <span class='ocrx_word' id='word_1_275' title='bbox 3173 4277 3372 4340; x_wconf 84' lang='lat' dir='ltr'><strong>Vult</strong></span> <span class='ocrx_word' id='word_1_276' title='bbox 3427 4295 3558 4338; x_wconf 81' lang='lat' dir='ltr'><strong>am·</strong></span> 
     </span>
     <span class='ocr_line' id='line_1_37' title="bbox 1108 4372 3558 4442; baseline -0.003 0"><span class='ocrx_word' id='word_1_277' title='bbox 1108 4381 1402 4442; x_wconf 84' lang='lat' dir='ltr'><strong>baxatori</strong></span> <span class='ocrx_word' id='word_1_278' title='bbox 1444 4381 1733 4439; x_wconf 79' lang='lat' dir='ltr'><strong>comunis</strong></span> <span class='ocrx_word' id='word_1_279' title='bbox 1775 4380 2062 4440; x_wconf 82' lang='lat' dir='ltr'><strong>Sancti</strong></span> <span class='ocrx_word' id='word_1_280' title='bbox 2105 4377 2576 4438; x_wconf 85' lang='lat' dir='ltr'><strong>Geminiani</strong></span> <span class='ocrx_word' id='word_1_281' title='bbox 2618 4383 2684 4438; x_wconf 87' lang='lat' dir='ltr'><strong>et</strong></span> <span class='ocrx_word' id='word_1_282' title='bbox 2717 4374 3246 4438; x_wconf 87' lang='lat' dir='ltr'><strong>ambaxatoribus</strong></span> <span class='ocrx_word' id='word_1_283' title='bbox 3273 4372 3558 4436; x_wconf 83' lang='lat' dir='ltr'><strong>Collis.</strong></span> 
     </span>
     <span class='ocr_line' id='line_1_38' title="bbox 1422 4471 3514 4554; baseline -0.003 -17"><span class='ocrx_word' id='word_1_284' title='bbox 1422 4477 1681 4537; x_wconf 75' lang='lat' dir='ltr'><strong>Florem</strong></span> <span class='ocrx_word' id='word_1_285' title='bbox 1726 4475 1875 4536; x_wconf 77' lang='lat' dir='ltr'><strong>Ast.</strong></span> <span class='ocrx_word' id='word_1_286' title='bbox 1927 4475 2116 4554; x_wconf 80' lang='lat' dir='ltr'><strong>(Volt.</strong></span> <span class='ocrx_word' id='word_1_287' title='bbox 2161 4495 2224 4535; x_wconf 82' lang='lat' dir='ltr'><strong>n.</strong></span> <span class='ocrx_word' id='word_1_288' title='bbox 2271 4475 2415 4553; x_wconf 88' lang='lat'><strong>389)</strong></span> <span class='ocrx_word' id='word_1_289' title='bbox 2459 4475 2631 4552; x_wconf 74' lang='lat' dir='ltr'><strong>Oriq.</strong></span> <span class='ocrx_word' id='word_1_290' title='bbox 2714 4474 2835 4534; x_wconf 74' lang='lat' dir='ltr'><strong>Ed.</strong></span> <span class='ocrx_word' id='word_1_291' title='bbox 2880 4473 3139 4534; x_wconf 72' lang='lat' dir='ltr'><strong>Sontini</strong></span> <span class='ocrx_word' id='word_1_292' title='bbox 3180 4471 3331 4533; x_wconf 80' lang='lat' dir='ltr'><strong>Dec.</strong></span> <span class='ocrx_word' id='word_1_293' title='bbox 3380 4471 3514 4533; x_wconf 70' lang='lat'><strong>420.</strong></span> 
     </span>
    </p>
   </div>
   <div class='ocr_carea' id='block_1_11' title="bbox 1101 4685 3556 4834">
    <p class='ocr_par' dir='ltr' id='par_1_13' title="bbox 1101 4685 3556 4834">
     <span class='ocr_line' id='line_1_39' title="bbox 1246 4685 3556 4755; baseline -0.004 -11"><span class='ocrx_word' id='word_1_294' title='bbox 1246 4693 1288 4755; x_wconf 87' lang='lat'><strong>¹)</strong></span> <span class='ocrx_word' id='word_1_295' title='bbox 1322 4693 1485 4744; x_wconf 56' lang='lat' dir='ltr'><strong>Sidae</strong></span> <span class='ocrx_word' id='word_1_296' title='bbox 1517 4709 1569 4743; x_wconf 76' lang='lat' dir='ltr'><strong>n.</strong></span> <span class='ocrx_word' id='word_1_297' title='bbox 1612 4695 1733 4744; x_wconf 80' lang='lat'><strong>5:26.</strong></span> <span class='ocrx_word' id='word_1_298' title='bbox 1923 4693 1962 4748; x_wconf 80' lang='lat'><strong>²¹)</strong></span> <span class='ocrx_word' id='word_1_299' title='bbox 2001 4691 2078 4740; x_wconf 77' lang='lat' dir='ltr'><strong>In</strong></span> <span class='ocrx_word' id='word_1_300' title='bbox 2125 4691 2228 4740; x_wconf 77' lang='lat' dir='ltr'><strong>den</strong></span> <span class='ocrx_word' id='word_1_301' title='bbox 2261 4691 2563 4746; x_wconf 69' lang='lat' dir='ltr'><strong>Aen-uam,-</strong></span> <span class='ocrx_word' id='word_1_302' title='bbox 2601 4705 2655 4738; x_wconf 74' lang='grc' dir='ltr'>ω</span> <span class='ocrx_word' id='word_1_303' title='bbox 2692 4691 2828 4752; x_wconf 71' lang='lat' dir='ltr'><strong>qiebt</strong></span> <span class='ocrx_word' id='word_1_304' title='bbox 2863 4689 2979 4739; x_wconf 64' lang='lat' dir='ltr'><strong>drot·</strong></span> <span class='ocrx_word' id='word_1_305' title='bbox 3013 4688 3134 4738; x_wconf 71' lang='lat' dir='ltr'><strong>om</strong></span> <span class='ocrx_word' id='word_1_306' title='bbox 3181 4687 3274 4738; x_wconf 72' lang='lat' dir='ltr'><strong>deo</strong></span> <span class='ocrx_word' id='word_1_307' title='bbox 3311 4685 3556 4736; x_wconf 63' lang='lat' dir='ltr'><strong>Nomen</strong></span> 
     </span>
     <span class='ocr_line' id='line_1_40' title="bbox 1101 4783 1339 4834; baseline 0 0"><span class='ocrx_word' id='word_1_308' title='bbox 1101 4783 1339 4834; x_wconf 67' lang='lat' dir='ltr'><strong>daedbu.</strong></span> 
     </span>
    </p>
   </div>
  </div>
 </body>
</html>
