3817 5642
953 592 1397 650 REGESTUM
1433 592 2119 647 VOLATERRANUM
2694 595 2763 649 69

311 796 450 855 192.
1143 800 1152 809 '
1971 790 2183 863 Siena,
2227 790 2311 850 30
2349 790 2545 869 April
2584 792 2764 856 1162.

430 892 659 954 Comes
690 888 1364 954 Ildibrandinus¹
1375 893 1392 965 )
1423 888 1718 967 promisit
1747 886 2176 969 Gualgano
2203 909 2302 967 ep.
2329 890 2503 952 Vult.
2530 896 2765 966 totum,

306 990 488 1070 quod
528 990 596 1051 in
637 988 888 1051 cartula
920 987 1318 1050 laudamenti
1345 986 1484 1048 dati
1519 1006 1560 1047 a
1585 984 1953 1048 consulibus
1994 986 2075 1046 de
2115 985 2283 1048 Sena
2308 986 2619 1067 scriptum
2647 998 2765 1063 est,

309 1088 803 1151 observaturum
824 1086 946 1147 sub
967 1105 1134 1167 pena
1157 1084 1357 1149 CCCC
1377 1084 1579 1145 mark.
1605 1104 1761 1165 arg.;
1785 1103 1882 1162 ep.
1908 1086 2203 1162 promisit
2224 1105 2289 1147 se
2310 1085 2533 1147 eadem
2558 1087 2769 1150 obser-

315 1190 619 1249 vaturum
663 1184 785 1245 sub
825 1182 969 1263 pari
1005 1201 1191 1263 pena,
1235 1186 1507 1261 excepto
1549 1180 1921 1243 Pannockia
1941 1183 2010 1256 ²),
2062 1183 2166 1241 cui
2218 1181 2411 1243 nichil
2452 1183 2766 1262 promisit.

311 1284 460 1344 Act.
505 1282 668 1343 Sene
710 1282 777 1341 in
817 1279 1062 1361 palatio
1103 1300 1201 1360 ep.
1283 1278 1615 1351 MCLXII,
1647 1277 1778 1338 ind.
1811 1280 1894 1351 X,
1927 1280 2090 1357 prid.
2124 1277 2249 1341 kal.
2294 1280 2465 1341 mad.
2508 1283 2578 1341 in
2603 1300 2767 1361 preS.

309 1379 646 1443 consulum
693 1380 774 1441 de
817 1380 998 1442 Sena.
1044 1378 1288 1461 Ugonis
1331 1374 1752 1437 Bononiensis
1793 1375 1874 1436 de
1915 1382 2108 1454 porta
2148 1378 2550 1441 Ravennate.
2596 1381 2771 1442 Petri

311 1477 608 1539 Albizelli
650 1476 1025 1539 Pisanorum
1069 1474 1364 1537 consulis,
1407 1474 1669 1548 Alkerii,
1713 1473 2014 1547 Rainerii.
2054 1474 2384 1555 Bulgarini
2426 1476 2770 1541 advocato-

309 1595 458 1637 rum
505 1576 901 1638 Pisanorum.
989 1573 1325 1634 Rainerius
1349 1574 1395 1650 ⁸)
1441 1572 1634 1633 iudex
1675 1572 1809 1633 ord.
1855 1572 2065 1633 Fred.-
2088 1574 2240 1652 imp.

645 1690 805 1752 Vozt.
854 1690 1092 1751 AVesc.
1137 1710 1186 1749 s.
1232 1688 1380 1748 XII
1422 1688 1544 1749 dec.
1580 1690 1616 1749 7
1643 1708 1707 1748 n.
1739 1688 1778 1749 4
1819 1688 1991 1767 Oriq.
2036 1688 2219 1751 Diber
2259 1691 2495 1753 iurium
2524 1692 2623 1782 153.
2668 1694 2769 1755 cit.

317 1968 454 2028 193.
1914 1964 2235 2037 Μοηιίενπῖ,
2279 1965 2358 2025 31
2402 1966 2550 2027 Mai
2590 1966 2771 2029 1162.

436 2063 1092 2127 Ildebrandinus
1124 2066 1171 2140 ⁴)
1228 2081 1440 2124 comes
1479 2063 1639 2135 iur0,
1687 2062 1860 2141 quod
1915 2080 2045 2123 non
2087 2059 2309 2123 tollam
2357 2064 2771 2127 medietatem

309 2162 516 2223 castri
556 2159 832 2223 Cerialci
857 2160 980 2222 tibi
1006 2162 1175 2222 Gua
1192 2158 1266 2241 lg
1283 2180 1434 2221 ano
1461 2179 1560 2240 ep.
1594 2158 1847 2237 (vum),
1875 2166 1943 2220 et
1972 2159 2026 2220 si
2053 2159 2420 2239 perdideris,
2450 2161 2775 2225 adiuvabo

310 2268 789 2338 terecuperare,
807 2264 1082 2337 excepto
1107 2264 1334 2319 contra
1359 2257 1810 2337 imperatorem
1837 2264 1903 2319 et
1932 2259 2364 2320 marchionem
2386 2262 2457 2337 ⁸).
2542 2260 2657 2323 Gu
2672 2262 2774 2321 al-

307 2377 576 2438 ganus
629 2376 728 2437 ep.
777 2356 1004 2435 (Vult.)
1061 2355 1219 2429 iuro,
1263 2356 1440 2435 quod
1479 2375 1609 2417 non
1653 2356 1874 2418 tollam
1919 2356 2332 2419 medietatem
2388 2360 2581 2420 castri
2624 2360 2775 2422 Ger-

312 2455 470 2515 falci
509 2453 630 2515 tibi
673 2456 896 2517 comiti
935 2453 1560 2525 Ildebrandino,
1605 2460 1674 2515 et
1713 2452 1768 2514 si
1807 2452 2175 2533 perdideris,
2220 2454 2545 2517 adiuvabo
2601 2476 2776 2520 recu-

313 2572 562 2631 perare,
607 2558 878 2631 excepto
919 2555 1146 2612 contra
1187 2550 1630 2629 apostolicum,
1674 2551 2145 2630 imperatorem,
2190 2552 2643 2616 marchionem.
2688 2556 2778 2617 Et

311 2671 472 2712 eum
513 2670 710 2713 manu
751 2648 1012 2729 propria
1051 2650 1404 2710 investivit.
1489 2651 1634 2710 Act.
1679 2648 1746 2709 in
1773 2648 2188 2711 tabernaculo
2216 2671 2265 2710 s.
2300 2650 2461 2712 Galli
2490 2652 2570 2714 de
2597 2653 2776 2714 Mon-

313 2748 447 2809 teri
499 2747 832 2818 MCLXII,
875 2747 944 2808 II
987 2744 1112 2807 kal.
1159 2746 1315 2819 iun„
1363 2746 1495 2808 ind.
1554 2746 1640 2808 X.
1737 2751 1818 2806 tt.
1875 2764 2089 2807 comes
2144 2748 2557 2827 Gerardus⁰).
2614 2749 2777 2811 Her-

317 2865 600 2907 mannus
655 2846 736 2906 de
792 2844 980 2908 Colle.
1041 2844 1496 2906 Ottomannus.
1552 2844 2027 2905 GualandelluS.
2083 2845 2517 2926 Lamprettus.
2576 2846 2779 2911 cado-

317 2942 540 3005 lettus.
629 2942 966 3005 Rainerius
1008 2942 1199 3003 iudex
1241 2942 1376 3003 ord.

650 3059 807 3120 Volt.
855 3058 1094 3121 AVesc.
1139 3077 1188 3117 ε.
1235 3056 1383 3118 XII
1425 3059 1549 3119 dec.
1599 3060 1635 3119 7
1673 3078 1738 3119 n.
1774 3058 1810 3117 7
1849 3056 2023 3135 Oriq.
2067 3058 2251 3119 Liber
2290 3060 2528 3122 iuriam
2570 3061 2651 3121 13
2676 3062 2777 3123 cit.

327 3334 467 3394 194.
839 3350 852 3361 ·
1273 3330 1747 3391 Montalcinello
1787 3331 1921 3391 und
1962 3330 2246 3404 Travale,
2288 3330 2397 3391 19
2409 3331 2559 3391 Mai
2598 3331 2777 3392 1163.

449 3427 820 3501 MCLXIII,
849 3427 1060 3489 XIIII
1089 3427 1216 3487 kal.
1248 3429 1402 3491 iun..
1447 3428 1577 3489 ind.
1609 3429 1730 3489 XI.
1815 3428 2043 3490 Comes
2086 3428 2514 3490 Pannokia
2553 3435 2621 3489 et
2659 3426 2781 3489 Al-

315 3526 683 3607 digarda
712 3544 873 3587 uxor
899 3531 966 3586 et
994 3525 1499 3599 Pannokino‚
1532 3526 1999 3597 RaineriuS,
2032 3526 2385 3607 Ugerius
2428 3527 2473 3587 f.
2500 3533 2566 3587 et
2594 3530 2781 3592 Con-

319 3632 354 3687 t
372 3646 410 3686 e
427 3644 558 3685 ssa
583 3642 748 3684 uxor
769 3624 1070 3697 Rainerii‚
1094 3625 1490 3703 interrogata
1515 3644 1554 3684 a
1582 3618 1884 3687 Rainerio
1913 3625 2142 3697 iudice,
2173 3626 2617 3703 promittimus
2637 3624 2781 3687 Gal-

316 3742 496 3804 gano
537 3742 654 3801 ep..
682 3722 858 3784 Vult.
901 3720 1080 3782 litem
1121 3741 1252 3782 non
1290 3721 1500 3783 facere
1547 3724 1626 3784 de
1682 3724 1876 3783 tertia
1929 3729 2113 3801 parte
2168 3722 2535 3783 medietatis
2588 3725 2784 3784 castri

319 3818 621 3891 Get-falci,
666 3820 851 3882 nobis
889 3821 1212 3881 sententia
1251 3818 1623 3881 Senensium
1666 3818 2000 3881 consulum
2042 3839 2161 3898 pro
2202 3820 2389 3881 feodo
2426 3822 2781 3900 assignata3

323 3939 476 3999 pen.
522 3925 784 3979 centum
827 3917 933 3979 lib.
981 3916 1134 3980 Luc.
1178 3924 1245 3979 et
1284 3918 1412 3979 Pis.
1455 3918 1600 3980 den.
1684 3916 1969 3979 Scribere
2011 3926 2401 3998 rogaverunt
2429 3920 2602 3979 intus
2630 3920 2779 3980 eccl.

318 4018 526 4077 castri
567 4016 648 4077 de
690 4014 1080 4079 Montalcino
1134 4016 1462 4076 territurio
1503 4016 1676 4077 Vult.
1721 4022 1788 4077 et
1843 4013 2195 4095 Aldigarda
2249 4022 2315 4075 et
2372 4018 2676 4079 Contessa
2716 4018 2785 4077 in

323 4121 548 4175 castro
585 4116 667 4177 de
707 4114 976 4177 Travale
1017 4133 1177 4193 pree.
1220 4113 1528 4174 Iohannis
1566 4112 1794 4173 iudicis
1837 4114 1917 4174 de
1960 4116 2257 4174 Lomena.
2288 4112 2645 4176 Baroncelli
2672 4113 2783 4192 qd.

327 4211 534 4275 Ponti
572 4213 652 4273 de
695 4212 874 4274 Sena.
919 4211 1282 4293 Lampretti
1325 4211 1428 4293 qd.
1473 4212 1708 4274 Truffe.
1756 4211 2054 4273 Guidotti
2110 4211 2217 4290 qd.
2262 4210 2538 4290 Ugolini.
2585 4212 2783 4275 Cedo-

319 4310 478 4371 letti
521 4310 602 4371 de
642 4308 885 4371 Belora.
932 4308 1280 4371 Bonacorsi
1333 4310 1412 4370 de
1448 4307 1766 4371 ‘Buriano
1813 4308 2217 4369 Gualandelli
2272 4309 2383 4386 qd.
2429 4308 2781 4369 Maleteste.

327 4406 710 4488 Galganetti
748 4408 828 4469 de
867 4406 1106 4469 Sancto
1146 4405 1546 4468 Geminiano.
1590 4405 1806 4467 Cencii
1832 4406 1913 4465 de
1942 4407 2161 4467 Monte
2196 4406 2539 4467 VultrariO.
2569 4404 2789 4466 Tedici

479 4632 520 4696 1)
555 4632 910 4683 Ildebrcmdin
949 4633 1048 4691 VI,
1086 4648 1129 4681 ε.
1150 4648 1205 4681 n.
1235 4634 1354 4683 191.
1467 4634 1510 4697 ²)
1551 4632 1762 4681 Bruder
1797 4634 1886 4681 dee
1912 4631 2175 4692 Biechofs.
2202 4628 2411 4681 Rainer
2436 4630 2507 4679 II
2542 4630 2788 4679 Pannoc-

321 4724 586 4779 chioechi:
609 4738 652 4773 ο.
679 4738 734 4772 n.
763 4724 881 4772 191.
991 4720 1178 4785 ⁸)Au8
1203 4722 1386 4772 Sioua.
1532 4721 1576 4786 ⁴)
1616 4722 1673 4771 S.
1712 4722 1798 4771 die
1835 4724 2048 4783 voriqen
2086 4722 2355 4782 Reqesten.
2502 4717 2546 4782 ⁸)
2586 4719 2787 4769 Weli'o-

319 4828 462 4863 nem
499 4813 594 4862 VI.
743 4809 788 4872 ⁶)
826 4810 1060 4862 Gerhard
1103 4812 1219 4862 VII
1258 4812 1628 4863 Gherardeaea.
