3817 5642
1029 568 1102 619 60
1675 564 2119 617 REGESTUM
2158 560 2845 616 VOLATERRANUM

1039 761 1170 824 172.
2952 755 3032 816 17
3074 752 3263 831 April
3302 754 3487 815 1151.

1153 858 1418 929 MCLII,
1449 856 1572 919 XV
1601 855 1728 919 kal.
1763 855 1956 927 mad„
1989 855 2119 917 ind.
2152 852 2384 916 XIIII.
2469 853 2881 915 Mathilda
2905 852 2951 913 f.
2980 851 3089 933 qd.
3121 852 3487 925 Lausi-anci,

1031 956 1256 1017 relicta
1293 953 1734 1017 Ildebrandini
1759 955 1804 1027 Ι)
1847 954 2103 1013 comitis
2130 952 2173 1012 f.
2206 951 2313 1031 qd.
2346 952 2590 1031 Ugonis
2619 951 2823 1012 Tezici
2854 952 3007 1012 item
3036 950 3310 1022 comitiS,
3340 968 3491 1011 con-

1031 1055 1351 1115 sentiente
1394 1052 1656 1114 Luterio
1683 1050 1764 1111 de
1791 1050 2013 1113 Casale
2040 1050 2087 1109 f.
2116 1050 2227 1129 qd.
2260 1048 2427 1109 Widi
2456 1048 2855 1110 mundvaldo
2882 1067 3043 1119 meo,
3074 1046 3283 1108 vendo
3314 1045 3491 1109 Gal-

1031 1168 1242 1230 gano
1283 1168 1382 1227 ep.
1429 1148 1628 1219 Vult..
1671 1148 1848 1227 quod
1889 1148 2205 1225 pertinuit
2246 1148 2383 1207 viro
2412 1164 2553 1207 meo
2580 1147 2649 1205 in
2676 1150 2891 1207 castro
2916 1151 2984 1205 et
3011 1150 3193 1205 curte
3218 1142 3301 1203 de
3334 1145 3490 1206 Bar-

1034 1243 1248 1319 bialla,
1291 1252 1506 1305 castro
1545 1242 1824 1321 Scopeto
1864 1245 1992 1303 sito
2032 1243 2099 1303 in
2142 1241 2307 1303 valle
2348 1242 2429 1303 de
2470 1240 2637 1302 Bula
2678 1248 2745 1301 et
2788 1239 2927 1301 aliis
2968 1240 3121 1301 locis
3157 1260 3197 1299 a
3224 1240 3491 1301 flumine

1033 1344 1193 1403 Arni
1233 1362 1436 1421 usque
1479 1342 1524 1421 [.
1547 1390 1559 1403 .
1583 1390 1596 1401 .
1619 1342 1664 1421 .]
1688 1343 1737 1419 ²)
1769 1340 2035 1419 Empori
2053 1362 2066 1414 ;
2111 1342 2319 1417 recepi
2346 1338 2432 1399 ab
2458 1358 2556 1417 ep.
2590 1340 2891 1401 meritum
2921 1337 3186 1400 anulum
3214 1358 3489 1399 aureum

1030 1459 1150 1518 pro
1191 1443 1404 1519 pretio
1445 1441 1830 1519 octuaginta
1869 1436 1976 1499 lib.
2022 1438 2309 1519 [....]⁸);
2368 1458 2513 1517 pen.
2572 1443 2837 1497 centum
2892 1436 3001 1497 lib.
3046 1454 3181 1515 arg.
3290 1436 3355 1497 S.
3400 1456 3487 1496 m.

1034 1538 1332 1599 Matelde.
1379 1538 1620 1598 Luteri.
1665 1536 1975 1599 Lanberti
2014 1536 2233 1596 fratris
2276 1532 2554 1597 Matelde
2598 1540 2678 1593 tt.
2802 1534 2974 1613 [Ugo
2998 1536 3045 1610 ⁴)
3090 1533 3276 1612 not.].

1360 1635 1518 1696 Volt.
1566 1634 1804 1695 AVesc.
1846 1653 1898 1694 ⁸.
1944 1620 2256 1694 Xll‘dec.
2301 1633 2341 1693 6
2380 1654 2443 1693 n.
2495 1633 2534 1694 4
2574 1632 2747 1709 Θήρ.
2794 1632 3107 1711 (mehrals
3145 1629 3247 1691 die
3274 1630 3491 1708 Hci'llte

1349 1733 1818 1810 ausqesressen).
1861 1732 2045 1792 Liber
2088 1732 2325 1791 iun'um
2371 1732 2425 1792 7.
2470 1731 2549 1792 14
2588 1731 2691 1791 cit.

1039 1868 1170 1930 173.
2173 1862 2397 1924 Casole
2448 1862 2568 1925 Vaz
2606 1862 2847 1937 d'Elea,
2888 1862 2966 1923 11
3008 1861 3262 1923 Oktober
3301 1861 3485 1923 1152.

1151 1964 1232 2026 In
1275 1964 1557 2025 claustro
1597 1962 1802 2041 plebis
1841 1964 1923 2023 de
1966 1961 2198 2023 Casula
2236 1980 2333 2039 ep.
2380 1960 2798 2043 Galganus
2860 1960 3089 2035 (Vult.)
3150 1960 3488 2019 investivit

1033 2061 1470 2123 Farchisillam
1513 2060 1880 2121 derelictam
1926 2059 2033 2139 qd.
2080 2060 2416 2121 Gerardini
2469 2066 2536 2119 et
2590 2060 2726 2121 eius
2778 2058 2823 2117 f.
2866 2056 3329 2119 Ildebrandum
3374 2076 3491 2134 per

1031 2160 1188 2223 alios
1228 2159 1461 2220 fratres
1502 2164 1688 2219 extra
1732 2178 1955 2231 annos,
1998 2158 2245 2219 salvare
2288 2163 2353 2217 et
2382 2156 2721 2217 defendere
2750 2156 3065 2215 iustitiam
3094 2156 3163 2215 in
3188 2153 3487 2227 kastell0,

1031 2258 1270 2339 burgis,
1315 2263 1496 2317 curte
1537 2256 1618 2316 de
1659 2256 2018 2327 Mentiano;
2060 2270 2148 2325 et,
2181 2256 2234 2315 si
2278 2256 2470 2314 turris
2512 2254 2812 2313 edificata
2838 2252 3033 2312 fuerit
3062 2253 3129 2311 in
3153 2251 3377 2329 plazze.
3406 2249 3489 2327 de

1035 2354 1302 2427 Kasula,
1348 2356 1754 2432 episcopatus
1796 2350 1974 2413 Vult.
2020 2352 2213 2413 debet
2236 2372 2379 2413 eam
2407 2352 2563 2412 dare
2602 2349 2791 2411 alicui
2834 2347 3323 2410 custodiendam
3354 2348 3487 2409 aud

1031 2472 1146 2531 per
1185 2452 1472 2521 feudum,
1517 2459 1582 2511 et
1627 2452 1697 2523 is,
1743 2451 1862 2511 nisi
1909 2452 1995 2511 sit
2038 2449 2471 2511 ministerialis
2510 2467 2631 2526 ep„
2676 2448 2871 2509 debet
2910 2448 3141 2519 iurare,
3183 2446 3379 2524 quod,
3432 2448 3487 2505 si

1033 2552 1226 2611 turris
1266 2549 1464 2609 fuerit
1507 2549 1862 2609 necessaria
1903 2547 2046 2608 filiis
2101 2548 2259 2607 dicti
2314 2544 2635 2607 Girardini
2691 2546 2775 2605 ad
2830 2542 3304 2605 defende-ndum
3349 2562 3486 2603 rem

1029 2665 1271 2719 eorum,
1315 2654 1380 2705 et
1427 2646 1742 2706 iustitiam
1785 2644 2026 2705 debent
2071 2662 2440 2721 recuperare
2468 2662 2663 2721 super
2704 2650 2945 2703 turrem
2974 2647 3045 2702 et
3071 2638 3309 2701 debent
3338 2660 3487 2701 eam

1029 2764 1318 2805 securare
1361 2744 1448 2805 ad
1487 2744 1658 2813 eccl„
1689 2751 1776 2813 et,
1809 2744 1862 2803 si
1903 2743 2197 2821 inquisiti
2238 2748 2483 2802 cartam
2528 2740 2609 2801 de
2650 2746 2835 2818 parte
2875 2758 3097 2800 eorum
3136 2737 3220 2800 de
3260 2736 3487 2817 plezza

1027 2840 1226 2901 castri
1264 2842 1343 2903 de
1387 2840 1616 2902 Casula
1656 2850 1722 2901 et
1765 2840 1844 2899 de
1887 2839 2031 2901 aliis
2069 2842 2277 2918 pactis
2306 2860 2437 2901 non
2464 2837 2750 2908 fecerint,
2784 2844 2940 2898 tunc
2969 2856 3047 2898 ea
3074 2842 3487 2897 revertantur

1029 2942 1095 2999 in
1135 2938 1580 3000 Ildibrandino
1621 2940 1820 2999 fratre
1863 2958 2119 3011 eorum3
2163 2940 2215 2997 si
2257 2958 2355 3015 cp.
2401 2944 2465 2997 et
2512 2954 2900 2996 successores
2942 2935 3058 2996 hec
3098 2952 3229 2995 non
3270 2933 3483 2995 obser·

1029 3038 1346 3109 vaverint„
1373 3038 1624 3098 solvent
1654 3056 1798 3115 pen.
1825 3038 1957 3097 XX
1986 3036 2094 3096 lib.
2127 3036 2269 3097 den.
2305 3034 2457 3097 Luc.
2545 3034 2847 3105 MCLIII,
2878 3034 2934 3095 V
2962 3034 3048 3094 id.
3082 3038 3230 3105 oct.,
3262 3032 3392 3092 ind.
3424 3032 3481 3092 I.

1029 3136 1090 3195 S.
1125 3156 1207 3195 m.
1255 3134 1524 3215 Galgani
1581 3156 1678 3213 ep.
1725 3136 1931 3216 Uguti
1988 3134 2321 3195 kanonaci.
2366 3132 2584 3194 Presb.
2632 3132 2871 3192 Marchi
2928 3132 3236 3209 prepositi
3278 3128 3487 3209 plebis

1028 3232 1252 3294 Casule
1274 3242 1339 3294 et
1361 3232 1618 3311 plebani
1641 3254 1688 3293 S.
1715 3232 1956 3311 Ipoliti.
2004 3232 2255 3293 Gidotti
2276 3231 2357 3291 de
2386 3231 2561 3292 Vult.
2592 3230 2637 3290 f.
2670 3230 2777 3308 qd.
2810 3228 3089 3309 Ugolini.
3120 3228 3484 3306 Lampretti

1029 3332 1071 3391 f.
1118 3332 1223 3409 qd.
1271 3332 1504 3392 Truffe.
1555 3329 1840 3391 Paltonis
1882 3330 1925 3389 f.
1974 3330 2080 3408 qd.
2128 3330 2406 3407 Toponis
2448 3336 2515 3389 et
2559 3328 2841 3407 Gregorii
2872 3324 3093 3387 Sancti
3119 3326 3481 3387 Ieminiani.

1027 3428 1276 3489 Alberti
1319 3430 1644 3490 Corticcie.
1691 3429 1953 3507 Ugolini
1994 3426 2101 3507 qd.
2151 3424 2607 3487 Ildebrandini.
2652 3424 2919 3487 Aldonis
2960 3428 3027 3485 et
3072 3424 3253 3502 Rope
3294 3422 3339 3483 f.
3372 3422 3479 3501 qd.

1027 3526 1445 3587 Suffreduccii
1489 3532 1568 3585 tt.
1657 3524 1912 3587 Branca
1952 3533 2088 3585 not.
2135 3526 2287 3603 imp.

1356 3624 1512 3685 Volt.
1561 3622 1798 3685 AVesc.
1842 3644 1892 3683 s,
1938 3622 2087 3683 XII
2129 3622 2251 3683 dec.
2299 3624 2339 3683 6
2378 3644 2440 3683 n.
2493 3624 2530 3682 7
2570 3622 2742 3698 Oriq.

1031 3760 1165 3820 174.
2634 3756 2811 3827 Rom,
2860 3756 2895 3815 7
2936 3754 3257 3815 Dezember
3299 3754 3479 3815 1153.

1147 3853 1557 3935 Privilegium
1586 3854 2093 3917 confirmationis
2138 3854 2571 3915 Anastasii
2628 3854 2734 3915 IV
2782 3872 2901 3933 pro
2928 3851 3076 3913 eccl.
3108 3871 3157 3911 s.
3188 3852 3485 3913 Faustini

1025 3959 1093 4012 et
1133 3952 1444 4014 Iohannis
1485 3972 1630 4013 cum
1673 3953 1854 4032 plebe
1899 3972 2017 4013 sua
2058 3953 2135 4013 de
2180 3952 2349 4013 Elsa.

1347 4050 1607 4111 Florenz
1637 4050 1788 4111 Ast.
1823 4050 2047 4127 (Colle)
2082 4050 2251 4126 Oriq.
2310 4048 2477 4108 Colle
2509 4048 2745 4109 AVesc.
2787 4047 2917 4107 Atti
2950 4045 3483 4123 dell’Arcipretato

1345 4148 1393 4225 j.
1439 4146 1534 4208 12'
1571 4147 1723 4225 Gop.
1762 4167 1812 4207 8.
1861 4146 2133 4208 XVIII.
2218 4144 2336 4205 Ed.
2382 4145 2959 4222 Pfluqk-Harttunq
3000 4144 3159 4205 Acta
3198 4142 3319 4202 III
3360 4142 3484 4203 129

1347 4264 1410 4304 n.
1442 4245 1580 4305 122.
1666 4242 1786 4303 Oit.
1834 4243 2341 4303 Kaltcnbrunner
2376 4242 2617 4301 Wiener
2642 4241 3059 4317 Sitzunqsber.
3087 4239 3311 4301 XCIV
3342 4238 3481 4300 664.

1347 4342 1495 4418 Req.
1539 4340 1662 4402 JL.
1711 4342 1887 4401 9767.
1984 4340 2188 4416 Verql.
2233 4340 2405 4399 Kelzr
2446 4340 2583 4399 601.

1173 4503 1213 4566 ¹)
1243 4502 1374 4563 orat
1399 4503 1746 4553 Ildebrandin
1772 4502 2241 4557 Pannocchieschi,
2270 4502 2420 4551 Sohn
2448 4502 2539 4551 des
2570 4501 2619 4550 U
2624 4503 2836 4563 anceio:
2876 4516 2930 4551 er
2966 4500 3080 4551 und
3114 4500 3235 4553 nin
3268 4498 3484 4551 Bruder

1025 4589 1357 4642 Buba-tinus
1395 4596 1582 4655 (umen
1617 4609 1674 4642 n.
1715 4594 1841 4657 176)
1880 4594 2055 4654 schlcn
2089 4593 2151 4641 in
2188 4591 2423 4652 Reponi,
2458 4590 2815 4652 Stammtald.
2962 4585 3007 4654 ²)
3049 4592 3117 4641 16
3146 4588 3482 4639 Buchmben

1025 4680 1268 4729 verloren.
1417 4682 1459 4745 ³)
1489 4681 1698 4731 Nd‘here
1737 4681 2107 4741 Bezeiehnunq
2134 4681 2377 4728 verloren.
2527 4680 2570 4739 ⁴)
2595 4679 2707 4728 Der
2730 4678 2929 4739 Schife
2964 4678 3102 4729 nach
3136 4679 3208 4729 ὼε
3244 4692 3299 4729 3⁸
3330 4678 3483 4729 zuei·

1022 4768 1190 4829 sellae,
1229 4770 1353 4819 dass
1391 4786 1445 4818 er
1480 4770 1563 4818 die
1609 4768 1864 4817 Urkunde
1901 4770 2117 4819 θοὴν-ἰοὺ.
