3817 5642
1045 486 1150 541 1³2
1685 484 2127 539 REGESTUM
2164 482 2851 538 VOLATERRANUM

2371 578 2530 585 ——ffl—
2625 578 2710 583 ——
2807 578 2884 584 -ξ
2969 578 3188 583 —..-——
3227 578 3392 583 q*—

1041 686 1330 762 potestes
1369 681 1967 743 excommunicatus
2008 678 2153 753 fuit,
2200 679 2489 741 consules
2530 678 2706 741 Vult.
2750 680 3205 741 contradicunt
3258 680 3351 739 eis
3404 698 3495 738 m-

1041 782 1311 841 stituere
1350 778 1590 853 ablata,
1635 784 1898 857 propter
1925 778 2103 857 quod
2128 778 2413 857 ipsorum
2444 778 2583 839 voti
2602 780 2901 839 executio
2920 776 3289 857 impeditur.
3319 776 3497 839 Man-

1041 878 1178 948 dat,
1223 882 1544 957 quatenus
1585 894 1844 937 causam
1888 876 2162 937 audiant
2204 880 2270 936 et
2300 875 2668 936 terminent.
2752 896 2782 933 (ι
2810 874 3061 937 Barone
3100 876 3183 935 de
3210 896 3258 935 ι.
3344 874 3497 934 Dat.

1039 974 1346 1035 Laterani
1387 972 1526 1035 1111
1569 992 1720 1035 non.
1763 992 1919 1051 apr„
1964 978 2143 1053 pont.
2188 970 2313 1032 111.

1363 1072 1566 1131 Insert
1608 1072 1678 1131 in
1719 1090 1782 1131 π.
1826 1070 1967 1131 378.

1043 1194 1181 1257 372.
2740 1193 2964 1267 Canen,
3010 1193 3050 1255 8
3090 1192 3283 1275 April
3320 1194 3499 1257 1219.

1165 1292 1622 1365 MCCXVIIII,
1679 1290 1772 1354 VI
1827 1292 1915 1353 id.
1974 1311 2134 1373 apr„
2190 1292 2322 1353 ind.
2380 1290 2531 1353 VII.
2644 1288 2915 1353 Michael
2965 1290 3071 1371 qd.
3132 1290 3382 1353 Corbizi
3419 1292 3501 1353 de

1045 1392 1462 1455 Podiobonizi
1507 1392 1744 1471 recepit
1785 1410 1826 1451 a
1881 1390 2213 1471 Paga-no
2267 1389 2445 1453 Vunt.
2490 1410 2611 1469 ep„
2670 1388 2937 1451 Arnolfo
2994 1390 3099 1471 qd.
3144 1388 3499 1467 Ild(ebrsn-

1045 1492 1206 1565 dini)
1248 1496 1316 1550 et
1357 1488 1698 1564 Guiliclmo
1739 1488 2003 1550 Drudeli
2050 1487 2103 1547 L
2144 1488 2251 1549 lib.
2282 1488 2363 1549 de
2390 1488 2653 1569 capitali
2695 1488 2839 1549 den.
2872 1493 3183 1561 veterum,
3220 1506 3355 1567 quo
3380 1488 3499 1548 sibi

1045 1586 1410 1661 tenebatur,
1453 1587 1534 1647 de
1576 1584 1810 1666 quibus
1853 1586 2149 1665 promisit
2190 1606 2301 1647 eos
2340 1606 2473 1647 non
2514 1586 2773 1647 mittere
2816 1584 2937 1647 sub
2964 1606 3133 1665 pena
3167 1592 3235 1646 et
3266 1582 3503 1665 obliga·

1045 1688 1240 1758 tione,
1283 1684 1523 1745 scilicet
1563 1704 1732 1763 pens,
1772 1684 1973 1761 dupli,
2018 1685 2171 1763 quia
2211 1685 2510 1763 Paganus
2550 1686 2607 1745 ei
2650 1684 2833 1747 dedit
2884 1702 3125 1763 equum
3178 1703 3369 1745 suum
3408 1686 3503 1745 ni-

1046 1800 1232 1862 grum
1273 1782 1342 1843 in
1381 1783 1631 1861 pignus.
1715 1780 1860 1840 Act.
1906 1800 1947 1840 a
1988 1781 2201 1843 Oenea
2242 1788 2397 1843 ante
2437 1780 2695 1841 fove-am
2724 1780 3034 1860 Usignoli.
3120 1780 3345 1843 Scotto
3388 1782 3503 1843 Pe-

1047 1879 1183 1939 lati.
1236 1878 1580 1959 Paganello
1634 1878 1958 1939 Guidooti.
2020 1878 2350 1941 Ormanno
2405 1878 2515 1959 qd.
2574 1878 2887 1951 Gannelli,
2944 1879 3087 1941 aliis
3142 1886 3223 1941 tt.
3322 1881 3503 1941 Cam·

1049 1977 1194 2038 hius
1235 1983 1372 2037 not.

1375 2074 1536 2137 Vou.
1569 2074 1808 2137 AVesc.
1838 2094 1890 2135 s.
1922 2072 2073 2135 XII
2096 2074 2223 2136 dec.
2252 2074 2295 2137 2
2322 2094 2385 2135 n.
2416 2074 2498 2137 36
2524 2074 2699 2153 Θήρ.

1051 2244 1192 2307 373.
2636 2244 2933 2317 Voltnm,
2974 2245 3059 2307 19
3100 2246 3289 2323 April
3328 2246 3511 2309 1219.

1175 2342 1426 2405 Barone
1471 2341 1740 2413 Stefani,
1785 2341 2111 2422 thganus
2151 2342 2487 2414 Tanoredi,
2534 2342 2973 2406 Bonafidam
3018 2344 3304 2405 Ramerfi
3330 2346 3511 2406 Vult.

1051 2438 1346 2503 consules
1385 2438 1466 2501 de
1508 2458 1818 2501 consensu
1863 2439 1935 2501 11
1974 2458 2239 2501 suorum
2280 2440 2803 2513 consiliariorum,
2850 2438 2921 2501 11
2974 2441 3307 2503 consulum
3350 2462 3515 2503 mer-

1051 2544 1362 2609 catorum,
1395 2535 1466 2596 II
1495 2538 1894 2613 provisorum
1924 2538 2401 2599 constituerunt
2426 2536 2669 2599 Datum
2698 2535 3007 2599 Iohannis
3032 2544 3515 2617 procurata-em

1053 2636 1138 2695 ad
1181 2654 1400 2695 omnes
1441 2654 1668 2693 causas
1709 2654 1856 2695 curn
1901 2634 2231 2713 Pagano
2274 2634 2451 2695 Vult.
2496 2654 2599 2713 ep.
2640 2654 2857 2695 coram
2898 2654 3069 2715 pape
3110 2636 3211 2697 vel
3240 2639 3375 2697 eius
3406 2638 3514 2698 de-

1054 2731 1301 2809 legatis.
1387 2733 1532 2793 Act.
1577 2730 1752 2791 Vult.
1797 2732 1977 2790 iuxta
2023 2730 2171 2791 eccl.
2218 2732 2541 2792 maiorem.
2628 2732 2909 2811 Rigepto
2951 2733 3158 2794 iudice
3198 2734 3309 2813 qd.
3352 2734 3516 2795 Gra-

1055 2830 1236 2891 tiani.
1285 2830 1514 2898 Truffo
1557 2830 1665 2909 qd.
1727 2827 2013 2889 Oimecti.
2084 2828 2359 2891 Strenua
2430 2829 2772 2891 Bura-sselli
2842 2835 2923 2890 tt.
3048 2830 3513 2917 MCCXVIIII.

1056 2928 1188 2989 ind.
1233 2926 1382 2998 VII,
1429 2926 1602 2987 XIII
1643 2926 1771 2987 kal.
1819 2926 1990 2987 mad.
2079 2927 2420 2988 Donzellus
2462 2929 2613 3007 imp.
2660 2929 2804 2989 aule
2846 2930 3041 2989 iudex
3082 2930 3218 2990 ord.
3262 2938 3331 2991 et
3370 2940 3515 2992 not.

1375 3024 1638 3085 Florem
1681 3024 1835 3084 Ast.
1883 3024 2071 3097 (Voce.
2104 3024 2269 3083 1219
2292 3024 2331 3083 Ι
2344 3024 2395 3086 V
2424 3024 2995 3102 20,n.185)0n·q

1058 3202 1196 3263 374.
2170 3198 2465 3271 Venena,
2516 3200 2619 3273 (14
2664 3200 2857 3276 April
2884 3236 2965 3245 —
2994 3200 3075 3261 15
3116 3200 3285 3278 Mac)
3329 3202 3515 3263 1219.

1181 3298 1432 3361 Batnae
1475 3298 1742 3371 Staieni,
1788 3297 2113 3375 Galganus
2152 3297 2487 3363 Taneredi
2534 3298 2972 3359 Bonsfidanza
3016 3298 3297 3359 Rainerii
3333 3300 3517 3361 Vult.

1059 3396 1346 3461 eonsules
1387 3398 1864 3457 constituerunt·
1905 3394 2325 3455 Guittardum
2356 3396 2463 3473 qd.
2498 3394 2806 3459 Iohannis
2832 3396 3149 3457 sindicum
3177 3396 3261 3455 ad
3288 3416 3523 3459 causas

1059 3515 1206 3557 cum
1247 3496 1580 3573 Pagano
1618 3513 1716 3571 ep.
1761 3498 2105 3554 vertentes.
2188 3492 2337 3553 Act.
2368 3492 2590 3552 Vult.
2573 3512 2641 3555 m
2668 3494 2865 3555 domo
2890 3492 3165 3555 filiarum
3194 3494 3301 3573 qd.
3342 3495 3521 3555 Gua-

1059 3592 1214 3661 schi.
1302 3593 1582 3669 Rigepto
1599 3590 1836 3669 [iudice
1857 3588 1967 3668 qd.
1992 3589 2285 3650 Gratiani
2308 3594 2375 3648 et
2377 3634 2533 3648 .....
2541 3590 2569 3669 ]
2582 3589 2873 3651 castaldo
2886 3597 2969 3651 tt.
3052 3590 3517 3663 MCCXVIIIL

1060 3690 1193 3750 ind.
1237 3690 1414 3769 [VII,
1463 3734 1646 3749 ......
1653 3688 1678 3768 ]
1721 3689 1937 3747 madii.
2026 3688 2367 3749 Donzcllus
2408 3688 2603 3748 iudex
2644 3689 2777 3749 ord.
2824 3696 2889 3750 et
2930 3694 3065 3750 not.

1381 3786 1640 3847 Florem.
1681 3784 1834 3847 Ast.
1883 3786 1968 3857 (V
1972 3785 2071 3845 dt.
2104 3785 2265 3845 1219
2282 3831 2437 3847 .....
2468 3806 2529 3845 n
2563 3786 2707 3857 195)
2752 3786 2923 3863 Θήρ.
2972 3790 3101 3862 (am
3126 3786 3381 3848 &Mus-3
3423 3788 3517 3847 be·

1380 3884 1704 3960 schddiyt).

1065 4002 1200 4063 375.
2820 4000 3001 4072 Rom,
3045 4002 3082 4060 1
3122 4000 3291 4061 Jum‘
3330 4002 3517 4063 1219.

1185 4098 1602 4161 Honorius
1645 4096 1776 4157 ΙΙΙ
1819 4116 2046 4175 prepos
2018 4099 2144 4157 sit-o
2196 4096 2653 4173 (Florenzetto)
2703 4098 2783 4157 dc
2836 4098 3101 4171 Casuli&
3159 4098 3521 4175 V(esconti)

1063 4195 1447 4275 archipresb.
1480 4194 1560 4253 de
1603 4194 1792 4267 Colle,
1826 4197 2135 4273 magistro
2178 4194 2462 4271 Pis(an0)
2507 4214 2647 4255 ean.
2680 4196 2735 4255 V
2742 4196 2853 4256 ult.
2940 4196 2995 4257 A
3036 4194 3334 4276 Gregorio
3378 4218 3519 4258 cru-

1063 4297 1390 4374 cesignato
1446 4294 1682 4371 recepit
1727 4294 2149 4369 questionem,
2194 4292 2371 4369 quod
2424 4312 2696 4353 comune
2740 4293 2913 4353 Vult.
2964 4294 3323 4367 Girardum,
3382 4298 3523 4355 eius

1065 4392 1230 4453 filios
1256 4398 1324 4452 et
1351 4389 1508 4450 alios
1537 4386 1807 4451 villanos
1836 4391 2145 4451 detineat.
2176 4390 2465 4450 Mandat.
2499 4397 2820 4469 quatenus
2848 4411 3109 4452 causam
3140 4392 3413 4455 audiant·
3454 4400 3521 4454 et

1066 4490 1430 4549 terminent.
1514 4506 1542 4545 (ι
1569 4486 1908 4563 Gregorius
1970 4488 2450 4565 crucesignatus
2478 4508 2521 4546 ».
2630 4488 2781 4547 Dat.
2828 4488 3033 4548 Rome
3082 4490 3254 4567 apud
3298 4510 3346 4550 s.
3406 4490 3524 4550 Pe-

1067 4592 1243 4647 trum
1283 4584 1410 4645 kal.
1455 4585 1606 4656 iun„
1651 4590 1830 4661 pont.
1874 4583 1999 4643 111.

1387 4682 1592 4741 laseri
1633 4682 1702 4741 in
1741 4702 1806 4741 τι.
1838 4682 1977 4743 379.
