3817 5642
1089 529 1162 581 26
1733 525 2175 582 REGESTUM
2216 526 2897 584 VOLATERRANUM

1089 724 1184 784 72.
2864 723 3089 796 Luem,
3131 726 3169 785 1
3212 725 3361 786 Μαι·
3400 723 3542 784 987.

1209 821 1754 902 Nongnentesimo
1781 821 2199 882 octuaiesimo
2224 823 2522 899 septimo.
2552 819 2679 882 kal.
2712 839 2903 901 mg..
2935 821 3067 882 ind.
3090 821 3236 882 XV.
3320 821 3543 881 Dom-

1085 920 1328 978 nueio
1367 919 1412 979 f.
1458 917 1521 978 b.
1569 937 1653 978 m.
1697 917 2127 980 Tendimundi
2174 921 2289 998 qui
2336 918 2585 979 Teutio·
2622 937 2761 978 voe.
2813 918 3011 980 vindo
3070 919 3393 998 Teuperto
3430 919 3545 997 qui

1084 1015 1316 1076 Teutio
1357 1035 1496 1078 voc.
1539 1016 1586 1077 f.
1631 1016 1693 1077 b.
1739 1035 1824 1076 m.
1869 1015 2139 1077 Grasolfi
2184 1024 2312 1077 tres
2352 1017 2521 1077 inter
2560 1035 2741 1076 casas
2782 1021 2852 1078 et
2904 1017 3184 1078 casalina
3228 1022 3297 1076 et
3336 1034 3437 1076 ree
3478 1018 3545 1076 in

1085 1111 1450 1174 Casatiano:
1505 1114 1787 1175 casaiino
1841 1135 1903 1193 q.
1962 1113 2085 1175 dic.
2144 1133 2185 1175 a
2240 1113 2603 1185 Casaveola,
2659 1133 2708 1173 r.
2760 1131 2873 1191 per
2927 1114 3208 1185 Bonitio;
3262 1132 3435 1184 caea,
3492 1133 3544 1173 r.

1083 1229 1200 1290 per
1239 1210 1352 1272 filii
1393 1212 1502 1290 qd.
1533 1213 1764 1272 Baruci
1807 1211 1958 1282 albi;
2004 1231 2121 1282 ree,
2166 1231 2215 1272 r.
2247 1231 2359 1291 per
2387 1212 2635 1274 Petrus,
2666 1230 2829 1289 quas
2857 1229 2969 1289 per
2994 1210 3127 1272 duo
3156 1211 3549 1272 venditionis

1084 1308 1364 1368 cartulas
1393 1310 1664 1386 scriptas
1686 1328 1725 1368 a
1747 1308 1943 1369 Petro
1962 1315 2098 1368 not.
2124 1309 2256 1386 inp.
2281 1327 2361 1368 ex
2382 1309 2865 1386 comparatione
2884 1307 2970 1368 ad
2994 1307 3255 1368 Raineri
3280 1307 3327 1366 f.
3362 1306 3425 1367 b.
3460 1327 3543 1368 m.

1085 1404 1261 1464 Petri
1301 1406 1382 1466 de
1421 1408 1736 1467 comitato
1777 1405 2037 1466 Pisense
2077 1413 2145 1465 et
2184 1405 2269 1466 ad
2312 1404 2533 1466 Ghisla
2560 1405 2787 1466 mulier
2814 1405 3077 1466 Reineri
3102 1403 3151 1466 f.
3180 1404 3243 1465 b.
3274 1424 3359 1464 m.
3394 1403 3545 1464 Ildi·

1085 1501 1310 1563 brandi
1355 1501 1572 1574 habui,
1617 1523 1734 1582 pro
1775 1503 2011 1582 quibus
2053 1504 2333 1582 pretium
2374 1503 2585 1581 recepi
2624 1522 2759 1583 arg.
2802 1503 2917 1563 sol.
2962 1508 3221 1563 eentum
3248 1504 3315 1561 in
3356 1503 3545 1580 prefi-

1089 1595 1248 1670 nito;
1281 1621 1424 1678 pen.
1456 1601 1654 1680 dupli.
1741 1603 1884 1662 Act.
1932 1601 2166 1664 Luca.-
2228 1601 2605 1662 DomnuoiO.
2650 1599 3191 1680 Gundelprandus
3226 1608 3365 1662 not.
3412 1603 3543 1680 inp.

1093 1697 1267 1760 oudo
1289 1704 1424 1759 not.
1455 1701 1588 1777 inp.
1613 1699 1766 1760 Milo
1787 1705 1868 1758 tt.
1893 1718 1975 1760 ee.
2000 1705 2069 1760 et
2098 1701 2305 1778 pretio
2330 1697 2531 1760 dante
2558 1697 2693 1760 vidi
2716 1703 2779 1776 ¹).
2840 1697 3071 1758 Petrus
3092 1698 3283 1759 iudex
3306 1700 3440 1776 inp.
3462 1718 3547 1758 ss.

1417 1797 1576 1859 Volt.
1623 1796 1842 1874 ACap.
1895 1817 1959 1858 n.
2016 1797 2098 1859 36
2152 1796 2579 1874 Gleiohzeitiqe
2634 1795 2787 1874 Cop.
2845 1795 3167 1858 Gerardus
3220 1801 3353 1856 not.
3414 1797 3544 1874 inp.

1407 1894 1678 1972 exempl.
1723 1895 1955 1956 Petrus
1996 1893 2189 1955 iudex
2235 1895 2368 1973 inp.
2410 1893 2789 1954 autentieho
2816 1893 2949 1954 vidi
2978 1901 3045 1953 et
3074 1893 3199 1975 legi
3224 1901 3293 1953 et·
3321 1893 3427 1953 hic
3460 1913 3546 1952 ss,

1089 2069 1184 2130 73.
2648 2070 2945 2142 Volterra,
2988 2071 3068 2132 16
3108 2071 3360 2147 Any-ast
3402 2071 3542 2131 987.

1205 2167 1756 2248 Nongnentesimo
1795 2168 2211 2228 octuaiesimo
2252 2169 2548 2246 sept-ime,
2580 2167 2883 2248 sep[timo
2908 2167 3311 2228 decimokal.
3344 2187 3545 2228 mens.

1087 2264 1558 2344 sethenbris2),
1605 2263 1736 2324 ind.
1783 2264 1927 2324 XV.
2064 2265 2359 2326 Petrus
2402 2265 2615 2326 Volot..
2660 2283 2757 2342 ep.
2803 2265 2911 2325 lib.
2968 2285 3141 2326 nom.
3190 2265 3277 2326 do
3316 2265 3556 2326 Teutio

1087 2361 1294 2442 presb.
1339 2361 1386 2422 f.
1433 2361 1662 2422 Veneri
1705 2361 1968 2424 clericus
1998 2363 2225 2424 eclesia
2252 2381 2363 2424 seu
2392 2363 2623 2424 altario
2664 2383 2715 2422 s.
2746 2363 2998 2443 angneli
3026 2363 3282 2424 Mihaeeli
3312 2364 3380 2423 in
3409 2364 3551 2424 loeo

1087 2481 1128 2522 a
1171 2461 1338 2522 Foro
1377 2481 1524 2522 cum
1569 2463 1820 2540 integra
1859 2464 2037 2540 petia,
2076 2462 2159 2522 de
2201 2470 2373 2523 terra
2414 2464 2481 2522 in
2524 2462 2661 2522 loco
2716 2461 2882 2522 Foro
2936 2463 3107 2522 iusta
3148 2462 3323 2525 eccl..
3366 2468 3549 2523 tenet

1087 2561 1154 2620 in
1201 2561 1308 2619 via
1349 2559 1672 2638 pupblica.
1720 2569 1886 2619 terra
1917 2579 1964 2618 ει.
1998 2560 2197 2620 Max-ie
2226 2565 2291 2620 et
2322 2559 2403 2620 de
2430 2560 2541 2620 filii
2572 2559 2634 2620 b.
2666 2579 2753 2620 m.
2783 2559 3145 2634 Uualberti,
3188 2567 3355 2621 terre
3400 2561 3553 2622 Ildi-

1088 2657 1312 2717 brandi
1341 2656 1389 2716 f.
1421 2656 1530 2735 qd.
1569 2655 1925 2722 Adalberti.
1957 2657 2067 2718 filii
2098 2657 2251 2718 dieti
2283 2656 2644 2730 Uualberti,
2674 2664 2749 2717 ut
2778 2659 3037 2718 missam
3064 2677 3259 2718 canas
3286 2677 3399 2720 seu
3428 2659 3549 2718 sa!-

1085 2773 1355 2818 morum.
1401 2755 1676 2825 incensa,
1709 2754 2066 2824 luminaria,
2098 2773 2257 2824 cere,
2286 2759 2355 2816 et
2396 2755 2461 2814 in
2504 2754 2631 2816 fest
2674 2775 2721 2814 s.
2755 2754 2953 2814 Μαι-16
2980 2755 3047 2814 in
3074 2762 3307 2832 agusto
3333 2756 3555 2816 solvas

1085 2870 1368 2910 annuam
1390 2869 1564 2929 pene.
1583 2870 1715 2930 arg.
1734 2849 2173 2912 den.duodeci
2206 2851 2264 2910 b.
2296 2871 2440 2930 exp.
2472 2853 2679 2930 qualis
2706 2871 2820 2930 per
2848 2859 3045 2930 temp.
3075 2871 3157 2924 o.;
3189 2859 3337 2930 post
3359 2860 3547 2913 tuum

1083 2948 1413 3008 decessum
1455 2948 1682 3008 eclesia
1721 2947 2027 3009 deveniat·
2068 2948 2314 3009 Albitio
2369 2948 2414 3009 f.
2461 2951 2737 3022 Bonitie,
2782 2951 2833 3008 si
2876 2949 2961 3008 ad
3015 2949 3301 3010 ordinem
3344 2969 3549 3012 sacer·

1084 3046 1312 3106 dotum
1357 3047 1723 3123 perveniat;
1769 3065 1913 3124 pen.
1946 3065 2079 3124 arg.
2125 3065 2301 3106 num.
2334 3045 2447 3106 sol.
2482 3047 2619 3107 XL.
2705 3047 2851 3107 Act.
2882 3047 3231 3110 Volot-erre.
3318 3047 3557 3108 Petrus

1085 3163 1184 3222 ep.
1231 3163 1311 3202 ss.
1359 3145 1738 3222 [.......]
1820 3143 2214 3222 [Gherardus
2256 3150 2372 3205 not
2412 3146 2665 3225 inp.]⁸).
2962 3211 2969 3218 .

1413 3241 1573 3303 Volt.
1619 3241 1858 3302 AVeec.
1918 3259 1967 3300 8.
2012 3240 2079 3300 X
2120 3241 2243 3302 dec.
2299 3243 2335 3303 7
2389 3262 2451 3302 n.
2497 3243 2536 3302 4
2578 3243 2751 3320 Θήρ.
2810 3241 2973 3318 (sehr
3024 3247 3315 3318 metim).
3424 3243 3555 3305 Cit.

1411 3338 1706 3414 Uyhelli¹
1754 3338 1792 3398 I
1833 3339 2013 3400 1431.

1089 3489 1185 3549 74.
2714 3488 3013 3563 Chianm',
3057 3489 3139 3551 26
3180 3489 3363 3550 Meirz
3405 3489 3551 3550 988..

1205 3587 1711 3669 Nongentesimo
1769 3587 2252 3666 hootuagesimo
2312 3588 2610 3659 hoctavo,
2676 3589 2952 3666 septimo
3006 3587 3132 3647 kal.
3190 3606 3349 3665 apr„
3415 3586 3548 3647 ind.

1085 3684 1312 3762 prima.
1383 3682 1808 3743 Cunerado
1838 3685 1949 3762 qui
1981 3685 2320 3745 Cunitio
2365 3705 2501 3744 voc.
2546 3693 2613 3746 et
2658 3683 3018 3745 Rodulfo
3060 3685 3173 3764 qui
3216 3685 3557 3746 Rotitio

1088 3801 1224 3841 voc.
1272 3801 1373 3861 gg.
1415 3779 1460 3840 f.
1509 3781 1569 3841 b.
1617 3801 1700 3841 m.
1749 3781 1995 3852 Aifridi,
2042 3785 2194 3860 quia
2238 3791 2311 3842 tu
2370 3783 2597 3842 Petrus
2652 3803 2752 3860 ep.
2799 3781 3010 3843 Volot.
3067 3781 3251 3841 nobis
3311 3781 3547 3843 dedisti

1085 3897 1219 3957 arg.
1264 3879 1376 3938 sol.
1420 3885 1700 3950 centum,
1746 3878 1865 3938 tibi
1907 3879 2136 3940 damus
2181 3889 2401 3940 nostra
2444 3879 2613 3940 bona
2655 3879 2736 3940 de
2767 3885 2987 3939 monte
3018 3885 3085 3938 et
3114 3879 3263 3957 poio
3290 3881 3354 3939 in
3386 3879 3550 3942 Cab-

1087 3975 1368 4044 bianula,
1412 3977 1477 4035 in
1518 3996 1646 4054 qua
1689 3978 1880 4036 modo
1925 3985 2021 4036 est
2066 3977 2329 4037 eccleqia
2372 3998 2420 4036 s,
2467 3976 2662 4048 Ilarii,
2706 3983 2773 4036 et
2814 3979 3253 4055 promittimus
3294 3965 3425 4037 ‘tibi
3466 3977 3549 4038 de

1085 4073 1531 4142 decimatione,
1575 4074 1804 4134 offerta
1852 4081 1917 4133 et,
1975 4082 2373 4134 mortuorum
2430 4075 2510 4134 de
2571 4074 2757 4152 plebe
2814 4094 2863 4134 s.
2917 4073 3179 4134 Ioannis
3238 4073 3543 4146 babtista,

975 4207 992 4229 f
1087 4173 1260 4250 quod
1303 4179 1400 4230 est,
1441 4171 1625 4250 plebe
1668 4171 2091 4244 babtismaliS,
2151 4174 2217 4234 in
2257 4172 2503 4243 Glanni,
2563 4171 2647 4231 ad
2702 4171 3169 4254 damnietatem
3228 4191 3357 4231 non
3410 4171 3552 4232 fore

1087 4289 1202 4330 nee
1245 4289 1358 4346 per
1400 4289 1514 4329 nos
1569 4289 1684 4329 nec
1742 4288 1852 4346 per
1907 4270 2199 4330 sacerdos
2253 4271 2320 4330 in
2376 4270 2523 4329 eccl.
2568 4275 2789 4330 nost-ra
2831 4289 2879 4330 s,
2926 4269 3100 4328 narii
3136 4267 3216 4328 de
3267 4269 3546 4330 decima-

1086 4369 1262 4428 tione
1303 4369 1370 4427 in
1413 4367 1698 4428 valentes
1741 4367 1885 4427 den.
1934 4367 2023 4428 VI
2067 4375 2131 4428 et
2176 4387 2369 4446 supra
2404 4387 2515 4446 per
2556 4386 2831 4439 annum;
2890 4385 3034 4444 pen.
3088 4386 3222 4445 arg.
3274 4367 3387 4426 sol.
3432 4369 3548 4427 tri-

1087 4471 1389 4526 cemtum.
1515 4465 1709 4524 Haot.
1755 4464 1931 4525 intus
1988 4464 2191 4544 burgo
2239 4465 2321 4526 de
2362 4465 2587 4528 Clanni
2643 4465 2969 4524 territurio
3011 4464 3223 4525 Volot..
3348 4464 3412 4525 S.
3458 4485 3548 4524 m.

1235 4651 1416 4716 ¹)Alle
1450 4655 1560 4705 viar
1606 4653 1734 4704 sind
1768 4653 2082 4714 Luochesm
2120 4669 2161 4702 ε.
2202 4653 2368 4703 Mem.
2409 4623 2597 4704 eDoc.
2644 4653 2705 4703 di
2740 4651 2920 4702 Lusca
2961 4651 3007 4702 V
3054 4653 3085 4702 3
3122 4667 3175 4702 n.
3219 4654 3549 4704 1616-1632..

1089 4743 1130 4804 ²³)
1169 4742 1244 4793 So
1279 4759 1344 4792 zu
1381 4747 1656 4804 cracinzen,
1693 4743 1764 4792 da
1801 4745 1867 4793 20
1903 4741 2239 4792 Buchstaben
2272 4741 2465 4801 sehlen.
2612 4741 2653 4803 ³)
2692 4741 3032 4791 Eschatokoll
3074 4741 3394 4802 abominata.
