3817 5642
920 592 1366 647 REGESTUM
1403 592 2090 647 VOLATERRANUM
2635 596 2737 647 139

269 786 414 849 391.
1860 786 1939 846 M
1940 788 2183 859 Oniten
2222 788 2305 847 30
2342 787 2513 849 Juni
2553 789 2736 851 1220.

393 883 756 959 MOOXXI,
794 885 930 947 ind.
979 885 1124 958 VII,
1173 884 1334 965 prid.
1379 884 1508 947 kal.
1552 883 1662 946 iul.
1751 886 1858 945 Pa
1873 904 2133 964 genus
2176 884 2350 945 Vult.
2396 906 2492 966 ep.
2523 894 2735 965 prote-

265 986 542 1053 stamur,
587 984 764 1061 qnod
805 985 1040 1055 omnia,
1085 1002 1211 1060 que
1251 1002 1370 1045 nos
1421 982 1632 1043 facere
1687 987 1949 1061 oportet
2002 983 2189 1044 Piero
2230 984 2309 1045 de
2352 983 2631 1046 Pernino
2668 991 2737 1047 et

270 1079 624 1159 Bolgarino
663 1079 1106 1142 Ildebrandini
1143 1086 1212 1141 et
1253 1080 1650 1142 Bencivenni
1693 1080 1799 1158 qd.
1843 1078 2041 1141 Guidi
2082 1078 2318 1154 Incole,
2364 1082 2534 1142 sicut
2588 1101 2738 1142 con-

265 1178 593 1240 tinebitur
631 1180 702 1240 in
739 1180 1172 1239 instrumento
1211 1177 1508 1239 faciendo
1548 1177 1634 1238 ab
1677 1176 2011 1240 Arnolfino
2052 1178 2263 1239 iudice
2303 1182 2372 1239 et
2418 1184 2553 1239 not.
2604 1181 2733 1255 (Se-

266 1278 477 1354 nensi)
521 1276 934 1339 refutationis
974 1276 1054 1339 de
1095 1278 1274 1339 lucro
1313 1278 1554 1339 montis
1597 1278 1677 1338 de
1719 1276 2040 1339 Monterio
2070 1282 2133 1351 ¹),
2165 1277 2473 1337 faciemus
2508 1284 2737 1339 contra

267 1379 568 1437 nostrum
609 1375 790 1453 velle.
872 1375 1018 1437 Act.
1061 1377 1132 1437 in
1171 1394 1426 1437 camera
1468 1376 1700 1437 casseri
1748 1376 1830 1436 de
1873 1374 2191 1437 Monterio
2268 1394 2431 1455 pres,
2476 1374 2735 1437 Simone

267 1490 414 1534 can.
457 1473 539 1533 de
576 1472 809 1535 Massa.
853 1472 1090 1535 Guicto
1137 1472 1362 1541 iudice.
1420 1471 1642 1534 Presb.
1672 1472 2015 1553 Frederigo
2068 1479 2138 1533 et
2193 1472 2433 1533 Iacobo
2486 1474 2733 1537 clericO.

267 1565 674 1631 Isimbardus
711 1574 849 1633 not.

603 1667 762 1731 Vozt.
806 1667 1048 1730 AVeec.
1091 1686 1143 1728 s.
1173 1666 1365 1729 XIII
1391 1668 1518 1729 dec.
1549 1668 1590 1729 3
1631 1668 1778 1735 n.‚2
1818 1667 1990 1745 Θήρ.

267 1866 412 1927 392.
1952 1860 2154 1941 (Nach
2194 1862 2279 1923 30
2315 1862 2485 1924 ani
2526 1862 2736 1939 1220).

394 1961 728 2023 Seracinus
771 1962 1029 2035 Ricche,
1073 1960 1418 2040 Vigorosus
1473 1917 2313 2033 Cittadini,Gualche1-inus
2370 1960 2735 2034 Guidibelli,

265 2061 485 2122 Guide
509 2060 556 2136 ²)
601 2058 937 2132 Stratumi,
981 2060 1272 2122 Ventura
1315 2059 1612 2135 Arzoc(i)‚
1657 2056 1963 2119 Albertus
1990 2058 2071 2119 de
2100 2058 2375 2119 Pernina
2416 2060 2587 2121 cives
2628 2058 2735 2119 Se·

267 2178 520 2229 nenses,
567 2156 948 2237 Bonaguida
991 2158 1234 2229 Parisii,
1285 2156 1744 2230 Bonafldanza,
1791 2156 2213 2217 Rustichinus
2268 2158 2441 2217 cives
2483 2156 2735 2218 Vulter-

269 2257 416 2317 rani
455 2256 760 2317 inivimus
792 2261 1200 2317 contractum
1231 2274 1378 2316 cum
1423 2256 1752 2335 Pagano
1786 2274 1886 2333 ep.
1920 2253 2097 2315 Vult.
2128 2255 2209 2315 de
2238 2254 2509 2314 ΜΜΜΜ
2537 2273 2732 2315 marc.

271 2374 408 2434 arg.
453 2358 522 2413 et
567 2353 704 2413 ΜΜ
761 2352 866 2413 lib.
909 2350 1076 2426 Seu„
1119 2354 1290 2413 sicut
1345 2357 1616 2431 apparet
1671 2354 1738 2412 in
1794 2354 2229 2413 instrumento
2277 2348 2594 2413 Amulfini
2640 2352 2735 2413 iu-

265 2450 432 2512 dicis
475 2450 556 2512 de
595 2449 764 2512 Sena
804 2456 872 2510 et
914 2450 1270 2511 Benacursi
1308 2454 1446 2511 not.
1491 2450 1571 2509 de
1614 2450 1835 2522 altere,
1893 2455 1963 2509 et
2015 2450 2321 2521 iuramus,
2380 2449 2554 2529 quod
2610 2449 2735 2510 due

265 2554 492 2629 partes
531 2554 686 2611 sunt
713 2548 1087 2610 Senensium
1115 2552 1184 2609 et
1211 2549 1406 2609 tertia
1433 2548 1995 2619 vulterranorum3
2039 2548 2411 2609 societatem
2440 2548 2731 2617 facimus,

265 2647 450 2727 quod
491 2647 628 2707 sine
667 2645 896 2707 fraude
921 2646 1093 2706 inter
1118 2664 1238 2723 nos
1263 2644 1530 2725 agimus,
1563 2645 1743 2703 salvo
1773 2643 2177 2717 Senensibus‚
2212 2645 2387 2721 quod
2414 2646 2735 2723 possimus

264 2744 551 2822 recipere
592 2748 894 2820 quartam
935 2748 1186 2821 partem
1231 2742 1762 2803 Vulterranorum
1807 2760 2011 2819 usque
2051 2740 2136 2801 ad
2178 2742 2428 2803 MMDC
2468 2742 2575 2802 lib.
2596 2744 2666 2817 ⁸).

605 2839 764 2901 Volt.
799 2840 1038 2902 AVesc.
1085 2839 1253 2917 App.
1295 2858 1345 2898 s.
1375 2838 1561 2899 XIII
1593 2838 1753 2914 Paq.
1783 2858 1846 2899 n.
1877 2839 1917 2898 2
1945 2837 2114 2914 Θήρ.
2150 2839 2473 2914 (Minute).

165 3020 168 3023 ’
265 3037 412 3098 393.
1152 3034 1368 3095 Monte
1418 3034 1714 3111 Voltrajc»,
1759 3034 1841 3095 18
1879 3034 2013 3095 und
2054 3034 2135 3093 19
2174 3033 2523 3111 September
2556 3034 2733 3096 1220.

396 3135 753 3195 Mainectus
794 3135 1076 3194 sindicus
1119 3134 1488 3195 comunis
1531 3132 1747 3193 Vult.
1793 3133 1860 3193 in
1902 3151 2095 3194 causa
2138 3152 2285 3193 cum
2342 3132 2629 3193 Belforte
2668 3138 2738 3195 et

203 3244 216 3255 ·
265 3232 586 3294 fratribus
627 3250 819 3310 super
857 3230 1344 3309 exceptionibus
1385 3230 1466 3291 de
1508 3231 1897 3309 suspictione
1944 3230 2384 3307 (Florenzetti)
2428 3231 2737 3309 prepositi

263 3328 634 3394 Casulensis
676 3348 892 3389 coram
935 3326 1122 3389 vobis
1152 3328 1531 3404 (Ranuocio)
1559 3328 1838 3404 plebano
1865 3348 1918 3388 s.
1950 3328 2177 3387 Lazari
2204 3333 2271 3387 et
2300 3326 2557 3387 Simone
2591 3346 2735 3389 can.

267 3430 465 3490 Mass.
494 3428 680 3507 ponit
719 3426 1033 3508 Sigerium
1073 3446 1206 3489 non
1247 3444 1432 3504 posse
1472 3431 1645 3486 stare
1687 3446 1754 3487 m
1782 3426 2018 3485 iudicio
2046 3426 2182 3487 sine
2210 3426 2601 3485 auctoritate
2628 3444 2735 3485 cu-

267 3528 526 3597 ratoris,
558 3546 704 3587 cum
747 3528 956 3589 minor
983 3525 1089 3597 sit,
1121 3528 1189 3585 et
1220 3523 1564 3585 Belfortem
1599 3529 1667 3584 et
1693 3523 2053 3584 Curradum
2080 3522 2392 3596 similiter,
2423 3542 2571 3583 cum
2606 3524 2739 3583 sint

261 3626 818 3688 excommunicati
837 3642 951 3703 per
977 3642 1063 3683 se.
1093 3621 1380 3685 Belforte
1405 3626 1474 3681 et
1501 3620 1734 3681 fratres
1762 3626 2019 3699 ponunt
2044 3621 2439 3683 Mainectum
2466 3640 2603 3681 esse
2629 3640 2737 3681 ex-

267 3722 824 3785 communicatum
847 3719 932 3781 ab
961 3740 1058 3798 ep.
1091 3718 1435 3779 Hostiense
1463 3724 1530 3778 et
1557 3718 1948 3781 Pistoriense
1972 3722 2020 3794 ⁴)
2052 3738 2198 3779 cum
2228 3718 2369 3778 aliis
2397 3716 2593 3789 Vult„
2626 3718 2741 3795 qui

267 3818 658 3881 auferebant
700 3818 870 3879 bona
897 3836 994 3895 ep.
1025 3824 1094 3878 et
1119 3816 1268 3876 eccl.
1353 3816 1582 3876 Coram
1609 3816 1873 3876 Tedicio
1901 3815 2010 3892 qd.
2040 3815 2421 3876 CastilioniS.
2453 3814 2739 3893 Ardingo

261 3918 377 3997 qd.
441 3916 624 3976 Perii.
671 3914 886 3977 Presb.
948 3913 1222 3975 Meliore.
1325 3912 1650 3985 ΜΟΟΧΧ,
1708 3912 1841 3974 ind.
1903 3911 2103 3972 VIIII
2160 3948 2165 3955 ·
2197 3914 2267 3973 in
2320 3911 2497 3971 curia
2537 3911 2741 3989 plebis

265 4017 518 4079 Montis
537 4014 896 4091 Vult(rarii)
969 4011 1146 4073 XIII
1167 4032 1266 4073 ex.
1290 4018 1452 4091 sept.
1525 4012 1882 4072 Mainectus
1902 4011 2081 4083 dicit,
2116 4012 2289 4091 quod
2320 4031 2417 4090 ep.
2443 4009 2741 4087 Paganus

263 4113 864 4175 excommunicavit
902 4112 972 4172 in
1012 4111 1162 4171 eccl.
1208 4130 1256 4169 S.
1301 4111 1500 4171 Mat-ie
1543 4108 1625 4169 de
1667 4109 1844 4169 Vult.
1889 4129 2113 4171 omnes
2165 4110 2487 4169 usurarios
2535 4114 2604 4168 et
2644 4106 2737 4167 fa-

267 4214 516 4273 cientes
557 4204 932 4270 contractus
971 4208 1296 4269 usurarios
1335 4214 1404 4269 et
1443 4208 1512 4268 in
1552 4206 1848 4268 fraudem
1875 4226 2236 4275 usurarum,
2272 4214 2359 4279 et,
2390 4207 2565 4285 quod
2596 4205 2739 4267 Bel·

266 4310 444 4372 forte
484 4306 684 4368 habet
723 4309 793 4368 in
832 4308 1064 4385 pignus
1093 4306 1174 4367 de
1202 4306 1388 4367 bonis
1416 4325 1518 4383 ep.
1550 4304 1724 4384 apud
1755 4304 2322 4383 Ripomaranciam
2360 4310 2427 4364 et
2456 4305 2739 4381 percepit

265 4406 525 4467 fructus
565 4406 739 4465 ultra
781 4409 1037 4465 sortem.
1123 4403 1408 4464 Belforte
1449 4402 1776 4465 confessus
1817 4402 1946 4462 fuit
1987 4420 2055 4462 se
2082 4400 2317 4461 habere
2346 4402 2613 4479 pignora·
2654 4402 2737 4462 ab

423 4630 462 4695 ¹)
511 4630 810 4693 Verqleichc
861 4649 886 4681 α
907 4628 1124 4678 Bistam
1171 4629 1286 4677 und
1337 4627 1754 4687 Geldwirtschasi
1786 4646 1810 4677 ο
1857 4626 1894 4675 I
1946 4630 2065 4678 107.
2286 4629 2327 4689 ²)
2366 4624 2549 4675 Guide
2586 4625 2733 4688 Oriq.

270 4719 315 4785 ³)
355 4720 517 4770 siche
553 4718 812 4768 «Binum
847 4718 964 4765 und
1000 4716 1418 4773 Geldwirtschaft
1439 4733 1461 4763 »
1499 4714 1532 4762 Ι
1579 4718 1695 4765 107.
1889 4718 1931 4773 ⁴)
1969 4714 2453 4775 Kardinalbisohof
2488 4712 2736 4775 Huqolin

267 4824 376 4859 oon
415 4807 564 4857 Ouia
603 4804 717 4855 und
755 4804 978 4865 Bischof
1013 4802 1224 4864 Soffrcd
1259 4820 1364 4853 von
1401 4802 1632 4863 Pistoja.
1670 4803 1812 4851 siche
1852 4802 1981 4852 oben
2018 4818 2071 4853 n.
2115 4805 2221 4854 345
2258 4802 2317 4863 θ.
