3817 5642
1152 571 1259 622 224
1798 569 2240 622 REGESTUM
2279 567 2964 622 VOLATERRANUM

1150 786 1197 826 s.
1244 765 1511 826 Feliciiza
1552 770 1621 826 et.
1664 763 2106 826 molendinum
2133 763 2216 824 de
2244 763 2426 824 Valle
2451 770 2522 823 et
2549 763 2620 824 II
2647 763 2824 842 petia
2851 761 2964 836 ibi;
2993 763 3424 824 instrumento
3453 761 3598 824 Bar-

1152 861 1459 922 tholomei
1486 867 1623 922 not.
1648 861 1753 940 qd.
1786 861 2082 940 Galgani,
2113 859 2502 930 MOCLIIII,
2533 861 2662 922 ind.
2695 860 2854 932 XII,
2886 858 3052 921 VIII
3079 859 3206 920 kal.
3239 862 3370 922 iun.
3405 863 3466 938 ¹),
3495 881 3597 939 pro

1150 960 1387 1040 quibus
1414 965 1766 1040 proventus
1792 959 1875 1018 de
1900 958 2164 1027 casulis..
2197 958 2682 1038 Montegabbm,
2713 956 3043 1019 Gabbreto
3073 957 3414 1031 tenebant3.
3449 957 3595 1020 Ben-

1148 1059 1407 1135 tivegne
1446 1057 1555 1118 lib.
1600 1055 1909 1126 MCCXL,
1959 1058 2238 1118 Rauen-io
2267 1055 2636 1126 Paltonerii,
2669 1054 3010 1134 Ingeramo
3037 1061 3104 1116 et
3133 1055 3372 1116 Puccio
3401 1055 3594 1116 Bona·

1150 1155 1401 1216 fidanze
1442 1154 1785 1216 Pa¹t0nerii
1820 1153 2142 1214 MMDXL
2167 1172 2287 1232 pro
2313 1154 2708 1214 indumentis
2735 1153 3208 1232 capellanorum
3235 1161 3306 1213 ct.
3331 1153 3594 1214 servien-

1150 1259 1297 1314 tum
1336 1259 1403 1312 et
1444 1253 1641 1312 muris
1670 1257 1738 1311 et
1765 1253 1956 1312 tectis
1985 1253 2418 1330 episcopatum
2447 1270 2564 1330 pro
2591 1249 2946 1312 furniendis
2981 1250 3351 1312 hominibus
3375 1258 3444 1310 et.
3469 1249 3595 1310 aliis

1150 1352 1442 1428 expensis
1486 1349 1675 1410 factis
1718 1368 1832 1426 pro
1874 1349 2240 1410 rehabendo
2283 1355 2496 1410 castro
2535 1347 2617 1408 de
2643 1347 3010 1410 Pulicciano
3040 1367 3079 1408 a
3109 1348 3262 1410 Neri
3289 1347 3596 1408 Piccolino

1150 1449 1291 1508 cive
1318 1447 1503 1514 Flor..
1536 1449 1648 1525 qui
1678 1449 1889 1525 ipsum
1917 1446 2269 1508 detinebat.
2303 1445 2559 1508 Paltoni
2589 1445 2994 1506 Mellioranze
3019 1445 3100 1506 de
3127 1443 3372 1506 Sancto
3399 1445 3594 1506 Gemi·

1148 1563 1363 1623 gnano
1402 1545 1565 1606 DCC
1606 1541 1713 1604 lib.
1758 1543 1903 1606 den.
1949 1545 2072 1604 Pis.
2119 1553 2246 1605 vet.
2271 1546 2342 1604 in
2379 1543 2522 1606 den.
2553 1546 2804 1622 grossis,
2833 1543 3060 1604 charta
3089 1543 3420 1604 Lamberti
3449 1547 3591 1611 not„

1148 1640 1426 1714 MCCLI,
1470 1641 1599 1702 ind.
1631 1640 1853 1714 v1111,
1886 1641 1957 1700 II
1987 1661 2134 1700 non.
2167 1641 2376 1718 iun.¹);
2419 1659 2538 1718 pro
2565 1640 3000 1718 recuperando
3027 1646 3240 1700 castro
3267 1637 3590 1700 Gambassi

1148 1737 1415 1800 detento
1456 1757 1569 1816 per
1611 1737 2028 1799 Pericciolum
2055 1739 2136 1800 de
2163 1739 2538 1812 calcinaria,
2571 1757 2688 1815 pro
2713 1737 3134 1798 custodiendo
3165 1737 3339 1798 Vult..
3369 1739 3592 1814 episco-

1140 1841 1341 1914 patus
1381 1841 1595 1896 castra
1634 1841 1705 1896 et
1746 1835 2068 1897 solvendis
2111 1837 2344 1914 pannis
2381 1855 2496 1897 sue
2537 1833 2778 1896 familie
2817 1836 3187 1896 necessariis
3213 1833 3592 1897 CCLXVIII

1148 1933 1253 1994 lib.
1296 1931 1439 1994 den.
1488 1932 1609 1994 Pis.
1658 1939 1784 1994 vet.
1827 1940 1899 1994 et
1943 1933 2010 1993 II
2053 1931 2188 2000 sol..
2231 1953 2396 2014 quos
2449 1933 2602 1994 olim
2655 1931 3104 1996 Guilielminus
3160 1933 3436 1993 vicarius
3477 1933 3590 2010 epi-

1148 2039 1449 2110 scopatus
1492 2031 1645 2092 dare
1676 2031 2040 2106 tenebatur,
2073 2033 2502 2094 instrumento
2531 2029 2862 2094 Lamberti
2886 2038 3044 2104 not„
3075 2029 3336 2093 MCCLI
3364 2031 3492 2091 ind.
3515 2029 3588 2098 X,

1148 2129 1322 2192 XIII
1350 2128 1475 2190 kal.
1508 2129 1632 2190 feb.
1658 2134 1732 2207 ¹);
1764 2129 2146 2192 Gualcherio
2173 2129 2446 2192 'rodaldi
2471 2149 2589 2208 pro
2615 2149 2782 2208 equo
2809 2130 2918 2208 pili
2948 2130 3109 2209 nigri
3138 2129 3192 2190 L
3217 2129 3342 2198 lib..
3366 2129 3586 2189 instru-

1147 2233 1368 2288 mento
1396 2227 1837 2288 Ildebrandini
1858 2229 1942 2288 de
1963 2226 2138 2288 Vult.
2171 2236 2327 2300 not„
2357 2225 2634 2298 MCCLI,
2665 2225 2793 2288 ind.
2825 2225 3046 2298 VIIII,
3079 2225 3222 2288 IIII
3253 2227 3376 2287 kal.
3407 2227 3590 2302 iul.¹);

1148 2325 1322 2406 quod
1362 2343 1479 2404 pro
1520 2325 1575 2386 L
1614 2325 1720 2385 lib.
1766 2327 1956 2404 pretii
1997 2327 2146 2404 equi
2187 2333 2254 2386 et
2295 2324 2458 2386 XVI
2502 2323 2604 2386 lib.
2649 2325 2704 2384 V
2747 2323 2856 2384 sol.
2902 2343 3018 2402 pro
3057 2343 3244 2402 pena,
3281 2323 3588 2402 dampnis,

1146 2423 1449 2484 interesse
1494 2423 1827 2484 venditum
1872 2431 1972 2482 est
2001 2422 2352 2491 MCCLIII,
2383 2424 2512 2485 ind.
2545 2421 2704 2509 XII,
2735 2421 2938 2483 VIIII
2967 2421 3090 2482 kal.
3123 2441 3268 2482 nov.
3289 2427 3360 2496 ¹),
3385 2427 3456 2481 et
3491 2423 3590 2481 ite-

1146 2539 1287 2582 rum
1331 2540 1447 2599 pro
1490 2520 1543 2581 L
1570 2519 1675 2582 lib.
1706 2528 1774 2582 et
1806 2521 1936 2580 XX
1966 2521 2072 2582 lib.
2095 2539 2214 2598 pro
2237 2539 2420 2598 pena,
2443 2521 2746 2599 dampnis
2771 2529 2842 2580 et
2867 2521 3190 2590 interesse,
3217 2518 3590 2588 MCCLIIII,

1145 2617 1275 2678 ind.
1305 2617 1467 2688 XII,
1496 2617 1621 2678 kal.
1652 2619 1781 2678 mai
1800 2621 1844 2693 ¹)
1866 2640 1881 2690 ;
1904 2616 2192 2678 CCLVII
2215 2617 2318 2678 lib.
2343 2617 2486 2678 den.
2519 2618 2641 2678 Pis.
2667 2635 2814 2678 nov.
2839 2619 3092 2690 minut„
3116 2635 3278 2694 quas
3303 2615 3592 2694 Paganus

1146 2731 1243 2791 ep.
1286 2713 1439 2776 dare
1482 2714 1709 2776 debuit
1752 2714 2211 2776 ildebrandino
2251 2723 2320 2775 et
2359 2713 2755 2775 Montanello
2789 2715 2895 2792 qd.
2927 2713 3241 2794 Mendrigi
3265 2714 3314 2789 ⁸)
3343 2711 3430 2774 ad
3455 2713 3588 2774 fest.

1144 2831 1195 2872 s.
1236 2811 1565 2874 Michaelis
1608 2831 1725 2891 pro
1763 2813 2054 2873 emendis
2093 2812 2164 2874 II
2205 2814 2400 2874 asinis
2441 2831 2560 2891 pro
2583 2813 2981 2891 episcopatu,
3012 2830 3144 2873 uno
3172 2812 3356 2890 pario
3383 2811 3589 2875 boum,

1143 2908 1273 2971 VII
1316 2908 1547 2982 vaccis,
1594 2911 1717 2972 XV
1749 2909 1855 2972 lib.
1904 2911 2132 2984 crocei,
2189 2911 2305 2989 qui
2358 2911 2590 2971 missus
2641 2909 2770 2971 fuit
2813 2911 2878 2970 in
2933 2911 3178 2970 curiam
3235 2908 3588 2970 Romanam

1144 3005 1533 3085 quibusdam
1576 3006 1893 3068 iudicibus
1935 3013 2003 3070 et
2043 3006 2378 3068 advocatis
2405 3027 2522 3086 pro
2549 3025 2762 3080 causa,
2807 3026 3006 3084 quam
3045 3025 3148 3086 ep.
3191 3006 3424 3067 habuit
3453 3024 3589 3066 cum

1143 3103 1542 3166 Vulterranis
1582 3107 1916 3168 occasione
1945 3103 2152 3166 doane
2181 3105 2330 3164 salis
2356 3109 2422 3179 ³),
2467 3112 2536 3164 et
2576 3123 2692 3182 pro
2717 3105 2928 3166 feudis
2956 3102 3382 3166 bubulcorum
3411 3111 3476 3163 et
3508 3104 3591 3162 in·

1143 3200 1466 3264 dumentis
1504 3205 1637 3264 suis
1665 3209 1734 3264 et
1758 3202 2022 3274 familie,
2053 3201 2652 3272 MCCXXXVIIIL
2680 3203 2808 3264 ind.
2839 3200 2996 3270 XII,
3023 3200 3150 3261 VII
3183 3201 3310 3261 kal.
3341 3221 3489 3280 aug.
3517 3205 3589 3274 ‘):

1142 3301 1411 3377 pignora
1453 3305 1681 3361 tenent
1709 3305 1924 3360 castra
1953 3299 2477 3377 Ripamarrancie
2505 3307 2572 3360 et
2599 3300 2680 3361 de
2707 3298 3025 3360 Libbiano
3051 3305 3118 3360 et
3145 3299 3438 3360 redditus
3467 3317 3588 3358 mo-

1142 3394 1378 3454 lendini
1423 3398 1491 3458 in
1532 3397 1911 3478 Berignone,
1943 3396 2168 3458 charta
2199 3396 2486 3457 Iacobini
2513 3403 2670 3470 not..;
2703 3397 3005 3476 Paganus
3031 3373 3126 3474 ep.
3159 3415 3277 3473 pro
3303 3395 3592 3474 expensis

1142 3493 1207 3550 in
1250 3511 1439 3552 causa
1484 3513 1631 3554 cum
1674 3495 1934 3556 comuni
1975 3494 2057 3554 de
2099 3493 2268 3556 Colle
2311 3495 2638 3554 occasione
2681 3495 2876 3554 castri
2904 3493 2986 3554 de
3023 3492 3494 3573 Montegabbro
3533 3501 3588 3550 et

1142 3610 1261 3668 pro
1300 3594 1701 3652 vestimentis
1740 3594 1872 3652 suis
1915 3601 1984 3653 et
2023 3593 2262 3651 familie
2303 3592 2532 3653 debuit
2573 3591 3030 3654 Ildebrandino
3082 3598 3151 3652 et
3205 3591 3596 3652 Montanello

1142 3687 1247 3765 qd.
1292 3687 1603 3766 Mendrigi
1646 3689 1765 3750 LX
1808 3689 1913 3750 lib.
1963 3691 2110 3764 Pis„
2157 3709 2272 3767 pro
2313 3690 2547 3768 quibus
2589 3689 2832 3751 habent
2872 3690 2940 3750 in
2969 3692 3200 3768 pignus
3227 3689 3594 3767 pensionem

1143 3785 1238 3846 VI
1276 3785 1381 3846 lib.
1428 3785 1760 3865 hospitalis
1801 3809 1851 3848 s,
1898 3787 2205 3848 Iohannis
2245 3789 2326 3848 de
2367 3789 2600 3850 Cecina
2640 3795 2705 3848 et
2750 3788 2873 3849 XV
2901 3787 3007 3848 lib.
3051 3787 3283 3848 domus
3311 3787 3389 3848 de
3419 3786 3594 3846 Alto-

1140 3903 1355 3960 passu,
1400 3890 1580 3943 carta
1623 3884 1932 3957 Iacobini,
1975 3885 2574 3956 MCC-XXXVIIII,
2619 3885 2747 3946 ind.
2793 3885 2952 3958 XII,
2985 3885 3091 3947 ΙΙΙ
3127 3884 3210 3945 id.
3243 3884 3346 3945 iul.
3377 3888 3445 3960 ⁵);
3479 3884 3592 3943 Pa-

1140 3999 1344 4060 ganus
1386 3981 1610 4042 debuit
1653 3984 1891 4044 eisdem
1933 3984 2087 4044 dare
2145 3983 2226 4044 ad
2281 3984 2426 4044 fest.
2472 4003 2518 4044 s.
2563 3983 2889 4044 Michaelis
2931 3982 3422 4046 CCCXXVIIII
3467 3982 3590 4042 lib..

1140 4079 1220 4138 de
1262 4075 1495 4156 quibus
1535 4079 1974 4141 CCXXVIIII
2005 4101 2318 4158 expensas
2349 4083 2414 4142 in
2437 4081 2738 4142 Romana
2755 4082 2950 4154 curia,
2975 4079 3028 4140 L
3055 4099 3174 4158 pro
3202 4080 3594 4140 indumentis

1138 4177 1269 4234 suis
1310 4182 1377 4234 et,
1418 4176 1659 4237 familie
1700 4185 1763 4236 et
1806 4179 2130 4254 magistris
2171 4178 2250 4238 de
2281 4177 2679 4249 Vecchenna,
2710 4178 2930 4238 comiti
2963 4175 3280 4238 Rainaldo
3305 4175 3387 4236 de
3418 4177 3593 4238 Mon-

1140 4274 1485 4335 terotundo
1535 4293 1652 4352 pro
1707 4275 2158 4337 additamento
2213 4276 2450 4336 cambii
2503 4276 2584 4335 de
2640 4276 2891 4336 villanis
2933 4275 2988 4336 L
3027 4273 3158 4348 lib.,
3203 4293 3318 4352 pro
3361 4272 3594 4356 quibus

1137 4371 1367 4449 pignus
1410 4371 1653 4432 habent
1694 4372 1982 4432 redditus
2010 4375 2091 4433 de
2121 4375 2650 4452 Ripamarrancia
2677 4379 2744 4433 et
2770 4373 3125 4434 Seraczano
3151 4379 3218 4432 et,
3245 4373 3392 4442 alia,
3417 4377 3602 4432 carta

1138 4467 1533 4528 Gualterocti
1564 4467 1789 4528 iudicis
1818 4477 1883 4528 et
1915 4477 2072 4542 not„
2099 4471 2674 4532 MCCXXXVIIII
2719 4470 2850 4531 ind.
2883 4470 3040 4540 XII,
3073 4469 3165 4531 VI
3193 4469 3318 4530 kal.
3349 4473 3591 4549 sept.'·);

1284 4683 1326 4748 ¹)
1372 4685 1635 4734 Verloren.
1786 4685 1830 4749 ²)
1870 4686 2016 4735 Oben
2053 4703 2105 4735 n.
2151 4690 2267 4737 635.
2415 4686 2460 4750 ³)
2499 4687 2655 4736 Siehe
2693 4703 2745 4736 n.
2787 4687 2908 4737 339.
2950 4689 3053 4738 345
3089 4703 3202 4750 sqq.
3349 4685 3398 4750 ⁴)
3437 4687 3590 4736 Sidae

1141 4788 1190 4822 n.
1233 4774 1331 4822 571
1372 4774 1485 4820 und
1524 4775 1643 4822 572.
1793 4771 1836 4836 Ξ’)
1880 4775 2024 4823 Οὸεη
2061 4791 2114 4824 n.
2157 4779 2274 4824 571.
2422 4775 2468 4840 ⁴⁵)
2509 4776 2652 4824 Oben
2691 4791 2742 4824 n.
2787 4777 2907 4826 572.
