3817 5642
896 627 1345 692 REGESTUM
1380 627 2001 682 VOLATERRANU
2011 630 2068 681 M
2598 630 2704 682 221

295 724 530 730 ——-
563 723 1008 730 —-—-—-—-—-—-——-—

242 824 388 886 673.
2301 825 2459 902 (Um
2498 825 2702 904 1256).

372 920 731 982 Positiones
776 919 1231 996 (Rainerii)
1276 919 1466 980 electi
1508 919 1683 982 Vult.
1715 927 1942 981 eontra
1983 921 2342 982 Guinisium
2386 927 2452 982 et
2493 923 2704 984 Olive-

238 1021 413 1079 rium
456 1017 566 1097 qd.
611 1018 841 1079 Innete
881 1017 963 1078 de
1006 1017 1193 1080 bonis
1232 1018 1338 1096 qd.
1370 1017 1643 1080 Guinisii
1670 1019 1829 1080 civis
1860 1017 2157 1080 Senensis
2185 1039 2402 1080 eoram
2443 1019 2704 1080 domino

242 1116 710 1190 Penestrino¹).
795 1113 1123 1176 Guinisius
1150 1114 1495 1176 defunctus
1533 1115 1827 1176 condidit
1866 1121 2332 1177 testamentum
2359 1117 2427 1193 ²).
2473 1117 2552 1176 In
2579 1116 2702 1177 hoe

238 1212 595 1283 ordinavit,
638 1211 813 1290 quod
854 1229 1043 1272 nsure
1092 1214 1491 1290 episcopatui
1547 1212 1726 1276 Vult.
1783 1215 2272 1274 restituerentur
2297 1215 2364 1290 ⁸).
2465 1211 2702 1274 Omnes

236 1329 435 1370 usure
456 1315 759 1370 contente
780 1310 846 1370 in
866 1307 1029 1371 libro
1051 1313 1453 1387 receptorum'
1476 1309 1749 1371 Guinisii
1772 1311 2166 1372 restituende
2197 1317 2350 1372 sunt
2369 1315 2436 1386 ⁴).
2467 1311 2699 1372 Ascen-

235 1409 411 1469 dunt
438 1407 527 1468 sd
552 1413 799 1486 septem
830 1407 1009 1468 milis,
1046 1408 1491 1487 septingentas
1530 1410 1947 1487 septuaginta
1991 1406 2098 1469 lib.
2145 1408 2318 1470 Vult.
2339 1411 2407 1486 Ι’).
2455 1411 2699 1470 Exeou-

234 1513 450 1568 torem
492 1525 831 1568 usurarum
873 1505 1418 1568 restituendarum
1458 1506 1785 1566 ordinavit
1832 1507 2204 1584 episcopum
2259 1505 2600 1568 Senensem
2627 1508 2696 1583 ⁵).

236 1603 527 1665 Heredes
567 1603 653 1664 ad
692 1623 801 1664 eas
841 1602 1199 1664 reddendas
1240 1603 1624 1664 constrinxit
1647 1605 1718 1680 ⁷).
1748 1603 2078 1664 Guinisius
2103 1611 2170 1664 et
2198 1603 2517 1666 Oliverins
2545 1608 2700 1664 sunt

234 1693 507 1763 heredes
530 1703 599 1778 ⁸).
641 1700 781 1780 Ipsi
818 1705 975 1761 sunt
1014 1698 1276 1760 heredes
1313 1702 1517 1778 partis
1565 1699 2060 1778 possessionum,
2101 1699 2349 1775 domus,
2395 1701 2695 1773 turrium,
2735 1713 2748 1728 ·

236 1799 595 1870 vinearum,
639 1802 954 1858 terrarum
978 1797 1049 1873 ⁹).
1093 1796 1289 1858 Ponit
1326 1815 1435 1857 eos
1475 1796 1694 1858 decem
1750 1795 1928 1856 milia
1985 1795 2088 1858 lib.
2147 1797 2316 1858 Vult.
2377 1797 2458 1858 de
2512 1796 2698 1858 bonis

230 1895 585 1958 mobilibus
624 1894 925 1956 habuisse
951 1896 1038 1971 ¹⁰).
1086 1894 1277 1955 Ponit
1318 1913 1429 1954 eos
1466 1892 1547 1954 de
1588 1913 1823 1955 novem
1864 1893 2122 1955 milibus
2175 1895 2544 1974 quingentis
2587 1895 2695 1956 de-

228 1993 603 2054 scendendo
642 2013 757 2071 per
795 1990 1151 2072 quemlibet
1192 2011 1527 2053 numerum
1572 1993 1659 2054 ad
1700 1991 1753 2052 L
1790 1991 1988 2053 libras
2017 1992 2314 2054 habuisse
2341 1994 2432 2069 ¹¹).
2466 1992 2569 2054 Ad
2595 2012 2694 2054 ss-

232 2089 692 2152 tisfaciendum
721 2088 925 2151 eleeto
950 2109 993 2149 a
1021 2089 1317 2166 (Thoma)
1350 2087 1613 2150 Senensi
1640 2108 1737 2168 ep.
1766 2091 2000 2152 moniti
2025 2095 2180 2150 sunt
2207 2089 2302 2166 ¹²).
2330 2088 2394 2150 N
2397 2089 2693 2151 oluerunt

226 2207 461 2268 parere
487 2189 578 2264 ¹⁸).
622 2187 846 2249 Annus
884 2194 1033 2267 post
1076 2193 1348 2247 mortem
1393 2192 1759 2246 transactus
1799 2191 1897 2246 est
1925 2189 2017 2264 Η).
2064 2187 2288 2248 Annus
2315 2193 2464 2266 post
2492 2189 2691 2248 moni-

228 2288 483 2348 tionem
524 2305 625 2363 ep.
670 2289 1037 2345 transactus
1064 2291 1165 2345 est
1184 2285 1275 2357 ¹³).
1304 2283 1583 2343 Interest
1612 2283 1801 2344 electi
1826 2303 2053 2345 usuras
2081 2283 2324 2344 solutas
2351 2283 2436 2343 ad
2467 2284 2691 2345 volun-

228 2391 443 2446 tatem
484 2381 773 2444 defuncti
813 2381 1011 2442 fuisse
1036 2382 1126 2456 ¹⁶).
1170 2379 1315 2442 Hoc
1356 2380 1657 2442 interesse
1698 2381 1990 2442 aseendit
2029 2379 2115 2442 ad
2146 2381 2215 2442 M
2243 2380 2352 2442 lib.
2398 2380 2693 2444 Provesi-

226 2475 485 2544 norum.
559 2481 697 2542 Has
722 2480 1076 2558 positiones
1101 2477 1257 2539 feeit
1276 2483 1653 2556 procurator
1671 2477 1879 2550 eleeti,
1902 2479 2098 2538 salvis
2125 2478 2286 2552 aliie,
2309 2497 2472 2557 quas
2495 2479 2696 2542 faciet

224 2579 533 2642 consulto
574 2576 925 2656 principali.

566 2676 727 2738 Volt.
774 2675 1011 2736 AVesc.
1058 2674 1222 2752 App.
1252 2694 1301 2735 ε.
1332 2673 1521 2735 XIII
1547 2674 1712 2736 Rau.
1740 2695 1802 2734 π.
1834 2676 1874 2736 6
1900 2674 2071 2751 Oria.
2116 2676 2256 2752 (mit
2281 2674 2690 2737 Randbemer·

558 2773 804 2849 kunqen
844 2771 951 2832 der
996 2771 1419 2848 Οερεηφανίεί,
1474 2771 1575 2832 die
1628 2770 1729 2832 ioh
1780 2779 1972 2832 umen
2029 2772 2184 2842 oebe.
2278 2773 2416 2832 Das
2454 2771 2691 2832 Datum

556 2869 777 2949 erqiebt
834 2869 967 2932 sich
1027 2889 1147 2931 aas
1206 2869 1345 2930 dem
1402 2869 1793 2946 Papstbriese
1852 2889 1970 2930 von
2031 2869 2194 2932 1255
2255 2869 2534 2930 februar
2587 2870 2688 2940 25,

552 2989 617 3030 n.
662 2968 799 3039 654,
845 2969 979 3030 und
1018 2967 1153 3028 dem
1194 2987 1333 3028 vom
1370 2966 1453 3028 25
1487 2967 1835 3044 September
1874 2967 2058 3042 1255,
2099 2987 2162 3028 n.
2207 2967 2372 3042 661).

220 3265 367 3328 674
1610 3261 1979 3336 Beriqnone,
2023 3259 2101 3320 21
2147 3260 2467 3322 Dezember
2505 3261 2686 3322 1257.

346 3358 689 3432 MOCLVI,
747 3359 875 3419 ind.
935 3358 1079 3429 XV,
1136 3357 1277 3418 XII
1318 3357 1469 3418 kal.
1487 3359 1612 3419 ian.
1714 3357 2164 3417 Rainerius
2205 3357 2380 3418 Vult.
2447 3357 2686 3418 electus

216 3457 573 3519 constituit
612 3456 1092 3518 Bonsecursum
1133 3433 1541 3516 Bellinoionis
1582 3453 1663 3515 de
1704 3454 2024 3514 Adimaris
2065 3459 2458 3532 potestatem
2504 3453 2682 3516 Vult.

220 3566 521 3634 tempore
564 3573 676 3615 sue
714 3555 1065 3633 potestatis
1105 3573 1221 3632 pro
1260 3554 1637 3632 episcopatu
1678 3553 1855 3616 Vult.
1896 3549 2174 3612 iudicem
2215 3555 2500 3613 omnium
2537 3571 2684 3614 esu·

214 3672 465 3726 sarum,
509 3670 671 3732 quas
710 3653 983 3732 quisque
1023 3650 1105 3711 de
1144 3651 1413 3712 civitate
1454 3648 1555 3711 vel
1596 3649 1895 3710 districtu
1923 3650 2098 3710 Vult.
2143 3656 2370 3711 eontra
2408 3648 2686 3712 electum

374 3932 417 3996 ¹)
458 3930 744 3995 Stephano
782 3929 931 3981 eard.
972 3943 1057 3994 ep.
1085 3931 1440 3982 Prenestino:
1478 3928 1577 3978 mit
1600 3929 1721 3978 dem
1756 3934 1928 3978 ersten
1963 3929 2182 3976 Prozess
2207 3927 2270 3975 in
2305 3927 2480 3976 dieser
2503 3925 2678 3975 Saehe

212 4023 369 4072 hatte
404 4019 713 4070 Alexander
745 4019 835 4069 IV
874 4019 979 4069 den
1026 4019 1252 4080 Bisehoj
1300 4019 1535 4068 Thomas
1582 4033 1685 4066 von
1718 4017 1889 4067 Siena
1927 4017 2228 4078 beauftraqt
2266 4016 2434 4078 (siche
2462 4031 2516 4066 n.
2557 4015 2677 4064 637.

215 4113 345 4162 642.
392 4111 509 4160 654.
550 4108 705 4171 661).·
744 4124 799 4158 es
836 4123 987 4157 muse
1021 4107 1113 4158 ein
1145 4107 1349 4157 zweiter
1386 4121 1477 4155 vor
1508 4107 1631 4156 dem
1672 4105 2149 4163 Kardinalbischos
2197 4120 2297 4153 von
2347 4104 2677 4154 Palestrina

210 4202 381 4262 ndtiq
418 4199 690 4262 yeworden
728 4197 861 4246 sein.
1082 4197 1125 4262 ²)
1166 4196 1297 4246 Non
1334 4195 1594 4245 creditur.
1808 4193 1851 4260 8)
1894 4195 2024 4244 Non
2059 4194 2319 4251 creditur,
2359 4194 2467 4241 nisi
2506 4208 2676 4258 appar

210 4291 363 4338 reat.
599 4286 645 4349 4)
685 4284 996 4349 Dependet.
1234 4281 1279 4346 ⁵)
1319 4283 1631 4348 Dependet.
1860 4283 1905 4347 ⁶)
1948 4281 2259 4346 Dependet.
2491 4281 2534 4347 τ)
2577 4281 2680 4330 De-

210 4373 451 4442 pendet.
632 4373 677 4439 ⁸)
719 4375 851 4424 Non
886 4373 1081 4425 eredit.
1263 4370 1309 4439 ⁸)
1348 4373 1541 4422 Credit
1563 4387 1623 4422 se
1648 4385 1764 4422 non
1788 4373 1937 4420 sicut
1960 4371 2188 4420 heredes
2226 4368 2314 4419 vel
2353 4368 2530 4419 bonos
2558 4385 2679 4434 pos-

208 4478 481 4526 sessores,
506 4465 605 4516 sed
630 4479 733 4530 pro
757 4463 867 4514 alio
894 4465 1031 4522 iure,
1058 4463 1317 4529 quodibi
1340 4463 1571 4513 habent.
1733 4461 1797 4526 ¹⁰)
1825 4461 2020 4510 Credit
2054 4461 2124 4510 de
2161 4460 2482 4524 quingentis
2519 4456 2678 4509 libris

206 4561 271 4606 et
306 4568 433 4605 non
470 4551 743 4618 plui-ibus,
780 4551 881 4602 sed
904 4565 1023 4601 non
1058 4559 1355 4616 tamquam
1380 4550 1609 4601 heredes
1632 4553 1691 4600 et
1716 4550 1893 4600 bonos
1921 4563 2282 4613 possessores,
2308 4546 2409 4596 sed
2437 4563 2539 4612 pro
2565 4543 2676 4596 alio

206 4643 357 4700 iure,
386 4641 535 4704 quod
562 4639 643 4690 ibi
666 4640 898 4691 habent.
1046 4639 1115 4704 ¹¹)
1142 4640 1497 4704 Responsum
1536 4639 1637 4689 est.
1786 4637 1853 4704 ¹¹)
1881 4637 2088 4696 Credit,
2115 4636 2160 4687 si
2197 4641 2486 4701 appareat:
2515 4637 2678 4684 aliter

206 4747 331 4782 non
373 4729 565 4780 credit.
718 4728 781 4794 ¹⁰)
822 4729 1133 4793 Dependet.
1284 4728 1349 4792 ¹⁴)
1390 4728 1593 4777 Credit.
1724 4726 1791 4790 ιδ)
1832 4726 2144 4790 Dependet.
2271 4725 2336 4789 ¹⁶)
2377 4724 2676 4789 Dependet

206 4839 243 4872 a
282 4821 502 4886 primis.
