3817 5642
1077 548 1188 600 284
1726 542 2167 597 REGESTI’M
2208 542 2891 597 voLATERRANUM

1077 740 1164 803 ibi
1213 758 1330 817 pro
1375 757 1550 817 pens.
1599 757 1814 799 annua
1873 738 2081 797 XIIII
2130 738 2263 809 sol.;
2328 756 2471 815 pen.
2534 736 2727 797 XXV
2790 736 2899 797 lib.
2956 735 3101 797 den.
3158 736 3288 798 Pis.
3410 738 3529 797 Act-

1080 838 1372 901 Monteri.
1453 838 1638 897 Piero
1679 836 1953 914 plebano
1980 836 2065 895 de
2090 834 2385 897 Cluslino.
2418 834 2737 897 Ricovero
2762 836 3087 915 preposito
3114 833 3443 896 Castilano
3468 842 3529 895 et

1081 936 1442 997 Borristoro
1481 934 1564 996 de
1605 934 1888 995 Cluslino
1916 940 1993 993 tt.
2080 932 2587 1003 MCCLXXVII,
2632 932 2762 993 ind.
2810 932 2885 1003 V,
2933 932 3102 993 XXI
3131 934 3303 992 maii.
3390 932 3525 993 Nic·

1079 1032 1340 1093 cholaus
1380 1032 1534 1093 olim
1561 1030 1758 1091 Gucci
1787 1030 1866 1089 de
1893 1030 2135 1091 Sancto
2162 1028 2541 1091 Geminiano
2570 1028 2763 1091 iudex
2788 1029 2923 1090 ord.
2952 1048 3033 1091 ex
3060 1028 3527 1091 imbreviaturis

1077 1128 1300 1191 Iacobi
1339 1136 1474 1191 not.
1517 1129 1672 1189 olim
1717 1128 1975 1189 Posche.

1411 1226 1560 1287 Volt.
1609 1226 1846 1287 AVesc.
1888 1246 1941 1286 ε.
1972 1224 2163 1285 XIII
2190 1225 2313 1285 dec.
2346 1224 2387 1287 8
2410 1244 2475 1287 π.
2508 1226 2589 1287 56
2616 1226 2789 1303 Oria.
2820 1224 3003 1287 Liba·
3022 1227 3267 1287 iuriam
3294 1226 3393 1286 17·
3430 1225 3523 1287 cit.

1079 1422 1216 1481 840.
2658 1420 2979 1487 Montien‘,
3021 1420 3103 1481 16
3140 1420 3313 1480 Jum'
3353 1421 3524 1481 1277.

1201 1518 1666 1597 Raynerius
1711 1518 1880 1579 Vult.
1926 1538 2047 1597 ep..
2092 1538 2237 1577 cum
2282 1517 2587 1579 Albertus
2630 1526 2992 1579 antecessor
3020 1516 3371 1579 Lamberto
3398 1526 3523 1578 not.

1077 1616 1120 1677 f.
1165 1616 1270 1694 qd.
1318 1616 1528 1679 Bracii
1567 1616 1648 1677 de
1689 1616 1930 1677 Sancto
1972 1617 2354 1677 Geminiano
2396 1618 2641 1693 petium
2682 1623 2849 1677 terro
2888 1616 2955 1675 in
2996 1616 3297 1677 districtu
3340 1618 3525 1677 castri

1077 1713 1158 1774 de
1199 1713 1428 1775 Leccia
1463 1714 1874 1792 episcopatus
1916 1712 2092 1773 Vult.
2138 1712 2308 1773 ultra
2348 1712 2647 1775 Corniam
2688 1714 2759 1775 in
2796 1712 2935 1773 loco
2976 1732 3017 1773 a
3062 1712 3239 1791 Lago
3282 1732 3525 1775 eonces-

1077 1812 1230 1872 serit
1271 1830 1387 1889 pro
1431 1830 1604 1889 pens.
1653 1810 1787 1871 XII
1830 1811 1975 1871 den.
2026 1812 2168 1881 Pis,
2214 1818 2291 1871 ut
2332 1818 2591 1871 constat
2632 1812 3065 1871 instrumento
3092 1808 3527 1870 Ildebrandini

1080 1910 1226 1969 olim
1280 1910 1594 1971 Gherardi
1647 1916 1806 1979 not„
1867 1908 2247 1971 locationem
2304 1910 2775 1970 confirmamus.
2916 1908 3059 1969 Act.
3110 1908 3415 1969 Monterii
3468 1910 3527 1968 in

1077 2008 1272 2069 domo
1315 2006 1590 2069 Renaldi
1645 2006 2021 2087 Bongianni.
2160 2006 2427 2067 Alberto
2480 2005 2756 2085 plebano
2816 2008 2897 2068 de
2948 2004 3263 2067 Gerfalco.
3324 2006 3545 2067 Bindo-

1081 2104 1406 2184 Hugolini.
1451 2102 1784 2165 Bartolino
1825 2104 1935 2183 qd.
1979 2104 2243 2165 Gerar-di
2288 2104 2368 2165 de
2414 2105 2699 2182 Fighirm.
2744 2104 2925 2165 Tano
2966 2102 3213 2165 Alberti
3238 2102 3325 2165 de
3362 2102 3523 2165 Flor.

1079 2209 1158 2264 tt.
1263 2203 1770 2275 MCOLXXVII,
1817 2202 1949 2265 ind.
1994 2202 2073 2271 V,
2118 2202 2277 2263 XVI
2316 2204 2443 2263 iun.
2528 2202 2805 2263 Iacobus
2832 2200 2939 2281 qd.
2972 2202 3157 2281 Lippi
3185 2200 3265 2263 de
3294 2202 3527 2263 Sancto

1077 2302 1458 2363 Geminiano
1499 2302 1692 2362 iudex
1734 2300 1868 2362 ord.
1912 2320 1993 2363 ex
2038 2300 2511 2361 imbreviaturis
2552 2300 2771 2361 Iacobi
2814 2300 2919 2379 qd.
2966 2300 3209 2361 Poeche
3248 2306 3387 2361 not.

1409 2400 1564 2460 Volt.
1619 2400 1844 2460 AVesc.
1887 2418 1937 2459 ο.
1970 2398 2035 2457 X
2042 2398 2119 2457 ΙΙ
2129 2398 2157 2457 1
2184 2398 2311 2459 dec.
2344 2398 2383 2457 8
2425 2418 2483 2457 n.
2514 2400 2595 2459 57
2636 2398 2809 2475 Oria.
2840 2398 3023 2459 Liber
3050 2398 3295 2459 iuriam
3323 2398 3405 2457 15
3428 2400 3523 2459 cit.

1079 2596 1216 2655 841.
2656 2594 2975 2664 Monticn',
3018 2594 3101 2655 20
3136 2592 3313 2655 Jum'
3350 2594 3523 2655 1277.

1197 2691 1704 2758 MCCLXXVII.
1749 2692 1876 2751 ind.
1901 2692 1977 2755 V.
2004 2692 2291 2753 XXiun.
2376 2690 2843 2769 Raynerius
2882 2710 2981 2769 ep
3013 2690 3189 2751 Vult.
3220 2690 3527 2751 Iacobum

1077 2796 1388 2849 rectorem
1429 2789 1576 2849 eccl.
1621 2810 1668 2849 s
1715 2788 1953 2849 Donati
2000 2788 2200 2866 plebis
2242 2786 2464 2849 Sancti
2496 2788 2879 2859 Geminiani,
2910 2786 3293 2847 familiarem
3322 2806 3525 2858 suum,

1077 2886 1416 2945 constituit
1457 2887 1544 2945 ad
1583 2885 2067 2963 gubernandam
2100 2884 2431 2945 abbatiam
2460 2884 2541 2945 de
2572 2883 2756 2945 Elmi.
2841 2884 2987 2943 Aet.
3030 2882 3349 2944 Monterii.
3426 2881 3527 2943 Al·

1077 2981 1262 3042 berto
1303 2982 1577 3061 plebano
1617 2983 1698 3043 de
1739 2982 2033 3043 Gerfalco
2074 2990 2143 3043 et
2186 2983 2559 3043 Primerano
2584 2980 2859 3059 plebano
2884 2982 2967 3041 de
2998 2980 3529 3060 Ripamarrancia

1077 3086 1154 3139 tt.
1239 3080 1513 3141 Iacobus
1553 3080 1798 3142 Posche
1837 3080 1923 3139 de
1964 3080 2201 3141 Sancto
2243 3080 2625 3141 Geminiano
2666 3080 2859 3141 iudex
2900 3085 2967 3139 et
3008 3088 3141 3141 not.

1405 3176 1558 3239 Voce.
1603 3178 1842 3239 AVeac.
1887 3197 1937 3237 ε.
1982 3176 2169 3238 XIII
2210 3178 2334 3237 dec.
2378 3177 2417 3237 8
2456 3196 2519 3237 π.
2566 3176 2645 3237 64
2676 3178 2813 3253 (aus
2839 3176 3135 3253 qleichem
3162 3177 3527 3255 Perqament

1397 3276 1510 3335 wie
1548 3296 1612 3335 n.
1657 3274 1824 3351 836).

1077 3474 1216 3533 842.
2182 3472 2461 3543 Florenz,
2506 3470 2545 3531 5
2584 3470 2731 3533 Juls·
2772 3470 2905 3531 und
2943 3470 3025 3531 13
3066 3472 3525 3547 Aum21277.

1197 3570 1516 3631 Gentili
1589 3572 1669 3631 de
1743 3569 2325 3631 Bondelmontibus
2402 3570 2849 3648 potestati,
2924 3569 3207 3641 consilio,
3272 3570 3525 3631 comuni

1078 3668 1292 3728 Vult.
1337 3669 1565 3729 Petrus
1609 3666 2099 3729 Gonfalonerius
2138 3668 2349 3745 regius
2390 3669 2665 3729 vicarius
2692 3669 2759 3743 ¹),
2802 3666 3133 3729 Conradus
3166 3666 3249 3727 de
3278 3666 3529 3727 Palatio

1075 3768 1450 3844 capitaneus
1501 3785 1706 3825 masse
1755 3767 1959 3845 partis
2008 3764 2403 3837 Guelforum,
2448 3764 2607 3835 XII,
2648 3764 3005 3835 consilium,
3048 3782 3323 3825 comune
3364 3764 3525 3825 Flcr.

1076 3862 1294 3923 Nostri
1337 3863 1506 3923 cives
1547 3861 1762 3922 Guido
1801 3870 1868 3922 et
1912 3862 2213 3921 Bettinus
2256 3862 2485 3923 fratres
2514 3862 2627 3921 fflii
2654 3861 2759 3941 qd.
2790 3860 3025 3923 Gianni
3054 3860 3279 3923 Iaeobi
3306 3861 3525 3925 Caval·

1078 3961 1282 4019 cantis
1313 3968 1782 4037 proposuerunt
1809 3960 2197 4038 frequenter,
2228 3960 2405 4036 quod
2432 3958 2605 4031 olim,
2638 3967 2945 4038 tempore,
2978 3976 3107 4037 quo
3134 3976 3393 4019 eramus
3420 3978 3529 4037 per

1075 4058 1403 4119 rebellium
1460 4058 1884 4134 proditionem
1946 4056 2031 4117 ab
2086 4057 2231 4117 eccl.
2276 4058 2571 4117 Romane
2614 4056 3125 4135 persecutoribus
3178 4055 3529 4117 honoribus

1075 4158 1350 4234 spoliati.
1395 4176 1665 4215 comune
1709 4156 1881 4215 Vult.
1927 4157 2193 4215 domum
2234 4156 2530 4225 fratrum,
2574 4174 2773 4234 quam
2816 4174 2963 4215 cum
3000 4153 3257 4215 duabus
3300 4155 3527 4232 plateis

1073 4256 1402 4315 habebant
1447 4256 1508 4315 in
1551 4262 1764 4313 castro
1805 4254 2043 4313 Montis
2078 4254 2353 4313 Vultraii
2392 4274 2471 4313 ex
2516 4255 2911 4313 successione
2952 4252 3169 4331 patrui
3215 4251 3525 4313 Sinibaldi

1221 4492 1261 4553 ¹)
1303 4490 1463 4538 Siehe
1501 4490 1598 4537 dan
1639 4496 1653 4517 ⁸
1683 4489 2021 4537 Verzet'chnis
2072 4489 2162 4536 der
2202 4488 2457 4536 Konsuln
2494 4488 2607 4537 und
2647 4488 2969 4537 Pedemlen
3006 4502 3110 4536 von
3146 4486 3373 4537 Flore-uz
3396 4483 3410 4507 ’
3448 4487 3529 4536 bes·

1075 4580 1133 4627 0.
1177 4579 1421 4639 Hartwiq
1461 4578 1679 4637 Quellcn
1731 4578 1845 4625 und
1895 4576 2283 4637 Forschunqcn
2323 4592 2419 4625 zur
2456 4577 2677 4625 ἅῑωειοη
2716 4576 3018 4625 Gescht'chto
3057 4590 3161 4624 von
3196 4574 3425 4624 Florem
3462 4576 3525 4625 ΙΙ

1077 4670 1202 4716 ms:
1245 4666 1334 4717 ‘d.
1379 4668 1452 4715 Pe
1461 4673 1544 4715 tru
1513 4682 1577 4715 us
1613 4666 1655 4713 G
1667 4668 1796 4714 oanf
1803 4667 1854 4713 lo
1823 4682 1957 4715 orne
1962 4668 2048 4715 ius
2085 4665 2123 4715 f.
2166 4666 2259 4727 qd.
2298 4666 2353 4715 d.
2396 4666 2705 4728 Arrighetti
2732 4664 3115 4715 Gonfalonerii
3140 4664 3263 4713 sive
3286 4664 3361 4715 de
3384 4662 3527 4715 Gon-

1076 4757 1465 4805 salomam-1
1508 4758 1598 4803 Ῐ1·ι
1683 4772 1841 4819 ιρι-ο
1881 4772 1931 4805 a.
1976 4758 2061 4803 inc
2032 4762 2196 4819 cepto
2234 4756 2341 4805 kal.
2386 4757 2493 4804 ian.
2538 4753 2705 4803 1278'
2756 4756 2893 4817 (also
2936 4754 3113 4817 1277).
