3817 5642
1093 546 1165 597 80
1738 548 2191 602 REGESTUM
2230 534 2956 605 voLATERRANUM'

1097 763 1224 807 uno
1264 744 1463 805 latere
1503 744 1803 823 episcopi,
1846 765 1929 806 ex
1971 744 2098 806 alio
2140 746 2419 819 abbatie,
2464 745 2545 807 de
2588 746 2819 807 subtus
2850 767 3067 809 murus
3098 747 3317 827 burgi3
3348 756 3571 826 preter

1093 840 1208 902 heo
1249 842 1414 903 duos
1441 842 1712 903 villanos
1739 862 1915 905 meos
1954 843 2263 916 hominen,
2307 844 2659 906 Martinam
2702 844 3047 925 Berguccie
3088 853 3157 907 et
3196 845 3565 906 Iohannem

1097 940 1306 1019 Bolge.
1390 941 1532 1001 Act.
1565 940 1844 1003 Cluslino
1869 942 1941 1001 in
1968 938 2253 1014 ecclesia,
2284 944 2611 1004 territorio
2650 950 2718 1003 et
2748 946 3065 1005 comitatu
3111 942 3285 1004 Vult.
3342 962 3565 1004 coram

1093 1038 1496 1117 Hugorwzio
1535 1037 1616 1099 de
1657 1038 1954 1102 Cluslin0.
1998 1038 2287 1102 Iohanne
2330 1038 2434 1117 qd.
2486 1040 2795 1101 Pallueze.
2840 1040 3158 1103 Baouccio
3194 1043 3298 1120 qd.
3338 1040 3563 1103 Ruba·

1091 1134 1336 1197 villani.
1377 1135 1682 1215 Gregorio
1724 1136 2011 1198 Bai-occi.
2055 1136 2443 1200 Rollandino
2484 1136 2565 1198 de
2608 1138 2856 1201 Casula.
2904 1140 3183 1201 Martino
3231 1138 3416 1201 fabro
3454 1146 3561 1200 -tn

1099 1232 1348 1307 Postea,
1392 1254 1522 1295 non
1561 1236 1788 1296 eodem
1821 1234 1925 1295 die
1992 1236 2061 1295 in
2102 1253 2260 1313 pree.
2314 1234 2581 1295 Olivarii
2622 1234 2731 1313 qd.
2776 1235 3039 1307 Guaski,
3085 1234 3399 1297 Albonelli
3442 1236 3559 1315 qd.

1097 1329 1152 1408 [.
1173 1378 1184 1389 .
1205 1378 1218 1389 .
1238 1379 1250 1391 .
1274 1330 1316 1409 .]
1345 1334 1409 1407 ¹),
1441 1332 1702 1391 Martini
1729 1330 1896 1392 fabri
1928 1330 2102 1409 apud
2122 1329 2457 1391 abbatiam
2482 1332 2563 1391 de
2584 1332 2822 1394 Serena
2894 1332 3210 1394 Martinus
3236 1332 3562 1405 sacerdos,

1096 1426 1406 1505 Uguiccio
1465 1448 1632 1490 mon.
1687 1436 1756 1490 et
1796 1428 2168 1490 Albertinus
2229 1430 2508 1490 devotus
2549 1430 2833 1491 eiusdem
2878 1431 3029 1491 eccl.
3074 1450 3445 1491 consensere
3484 1439 3567 1490 et,

1097 1524 1270 1587 Elias
1313 1545 1480 1587 mon.
1521 1524 1706 1587 dedit
1743 1527 2139 1605 parabolam,
2186 1526 2357 1605 quod
2404 1546 2531 1588 non
2574 1528 3068 1589 contraveniret.

1421 1624 1576 1685 Vola.
1621 1624 1858 1687 AVesc.
1901 1644 1948 1683 8.
1994 1622 2140 1683 XII
2178 1625 2295 1685 dec.
2330 1624 2370 1683 9
2396 1644 2455 1684 π..
2488 1624 2569 1685 20
2594 1625 2763 1702 Oriq.
2797 1625 2979 1685 Liber
3005 1627 3247 1685 iuriam
3275 1626 3371 1685 10'
3398 1624 3565 1699 Req.

1097 1821 1238 1881 232.
2522 1820 2890 1895 Chiusdino,
2936 1821 3015 1883 13
3056 1822 3333 1883 Februar
3373 1821 3561 1883 1191.

1219 1917 1738 1997 [MCLXXXXL
1761 1919 1904 1978 idus
1931 1916 2109 1989 febr„
2142 1918 2273 1979 ind.
2304 1937 2490 1979 nona.
2574 1916 2870 1979 Abbass,
2904 1920 3102 1981 Marie
3130 1918 3211 1979 de
3250 1918 3563 1981 Serena

1095 2017 1335 2095 promis
1339 2016 1390 2075 it
1435 2014 1857 2091 (Ildibrando)
1901 2033 1998 2092 ep.
2060 2014 2287 2089 (Vult.)
2344 2035 2411 2075 ee
2465 2014 2657 2075 aliam
2718 2016 2879 2076 med.
2934 2017 3125 2077 castri
3178 2015 3260 2076 de
3316 2016 3563 2076 Miran-

1097 2113 1248 2174 dolo
1299 2111 1458 2172 nulli
1516 2112 1640 2171 nisi
1701 2112 2000 2190 episcopo
2064 2110 2221 2171 velle
2280 2112 2577 2183 vendere,
2622 2112 2977 2190 pignorare,
3040 2110 3296 2173 infeare.
3406 2112 3557 2172 Act.

1097 2210 1358 2271 castello
1385 2209 1466 2269 de
1493 2208 1776 2272 Gluslino
1855 2226 2069 2269 coram
2114 2207 2493 2287 Hugoraozo
2536 2215 2603 2269 et
2644 2209 2915 2272 Crivello
2955 2208 2999 2270 f.
3044 2211 3199 2271 eius.
3244 2208 3563 2288 Gregorio

1098 2308 1202 2387 qd.
1234 2306 1550 2369 Barrocoi.
1597 2306 1925 2367 Ranucoio
1973 2306 2077 2385 qd.
2124 2306 2385 2367 Martini
2442 2306 2523 2367 de
2578 2307 2935 2369 Mirandolo
2978 2316 3055 2368 tt.
3154 2306 3565 2385 Bonineigna

1099 2408 1250 2483 imp.
1297 2411 1427 2466 not.

1427 2504 1578 2565 Vozt.
1629 2502 1860 2566 AVasc.
1911 2504 2019 2562 wie
2063 2522 2118 2561 n.
2166 2502 2284 2563 231
2326 2504 2495 2579 Oriq.
2531 2502 2709 2563 Liber
2738 2504 2975 2563 iuriam
3005 2503 3101 2563 10·
3131 2504 3227 2563 cit.

1098 2698 1238 2759 233.
3132 2696 3562 2773 (1187-1191).

1219 2818 1246 2857 4
1267 2795 1400 2859 Cle
1417 2816 1481 2855 m
1497 2816 1530 2857 e
1545 2816 1588 2856 n
1605 2802 1634 2856 t
1649 2798 1668 2856 i
1685 2816 1714 2855 s
1745 2796 1776 2856 Ι
1793 2797 1824 2857 Ι
1840 2798 1874 2858 Ι
1905 2816 2019 2875 per
2040 2796 2301 2856 modum
2325 2798 2506 2874 copie
2528 2799 2596 2859 in
2622 2796 2907 2875 quodam
2930 2802 3245 2875 quaterno
3266 2797 3335 2856 in
3356 2814 3561 2855 mem-

1099 2895 1335 2967 branie,
1357 2894 1858 2955 confirmationis
1883 2893 2334 2971 (privilegium)
2359 2902 2677 2954 certorum
2699 2895 3251 2965 monasteriorum,
3268 2890 3561 2971 plebium

1099 3000 1166 3053 et
1205 2992 1611 3053 eeclesiarum
1651 2997 1714 3051 et
1753 2998 2109 3052 castrorum
2139 2991 2219 3051 de
2250 2988 2445 3051 verbo
2472 2992 2557 3051 ad
2587 2991 2855 3052 verbum
2884 2992 3363 3052 nominatorum
3408 3008 3563 3051 con-

1100 3108 1418 3151 cessorum
1461 3108 1573 3167 per
1616 3089 1943 3149 Romanos
1984 3090 2467 3167 imperatores».

1417 3188 1586 3263 Θήρ.
1631 3188 1913 3246 verloren.
1983 3186 2236 3246 Florenz
2278 3186 2428 3247 Ast.
2480 3186 2663 3247 Liber
2704 3186 2941 3246 iuriam.
2998 3186 3038 3247 6
3089 3183 3238 3261 Rey.
3296 3204 3343 3243 8.
3404 3182 3471 3242 X
3482 3184 3559 3246 V.

1419 3286 1533 3345 Ed.
1579 3284 1752 3345 Κάιν
1793 3284 1929 3344 603.

1100 3483 1240 3543 234.
2668 3480 2845 3552 Rom,
2889 3478 2973 3540 28
3011 3479 3335 3541 Dezember
3374 3479 3557 3540 1191.

1220 3578 1630 3658 Privilegium
1673 3578 2175 3641 confirmationis
2216 3578 2621 3641 celestini
2676 3576 2808 3639 III
2852 3596 2969 3655 pro
3010 3575 3195 3655 plebe
3238 3595 3288 3635 s,
3335 3577 3559 3639 Salva·

1101 3679 1257 3737 toris
1298 3677 1378 3737 de
1421 3676 1589 3737 Colle
1629 3681 1768 3736 ete
1777 3675 2139 3737 .Iohannis
2182 3680 2247 3735 et
2289 3676 2580 3736 Faustini
2620 3674 2699 3735 de
2744 3673 2914 3735 Elea.

1417 3772 1582 3835 Colle
1625 3773 1860 3836 AVesc.
1908 3772 2041 3833 Atti
2082 3772 2220 3832 τίνα’
2226 3774 2611 3850 Ανοὶρνρλαιο
2637 3772 2679 3848 s.
2712 3772 2753 3832 2
2793 3770 2946 3848 001).
2990 3790 3039 3832 ε.
3080 3769 3348 3833 XVIII.
3433 3770 3555 3832 E'd.

1418 3872 1591 3933 Κάιν
1631 3872 1769 3945 635,
1813 3871 2141 3947 veryleiche
2184 3870 2319 3931 601.
2366 3870 2513 3949 Req.
2557 3870 2679 3931 JL.
2722 3868 2927 3931 16798
2966 3888 3045 3929 zu
3087 3868 3247 3929 1192
3274 3868 3313 3928 Ι
3343 3868 3399 3931 9.
3430 3868 3553 3929 Git.

1419 3968 1994 4045 Pfluqk-Harttzmq
2039 3967 2163 4028 Iter
2204 3968 2342 4027 324.

1101 4168 1236 4227 235.
2336 4164 2472 4222 S’an
2514 4161 2913 4237 Gimiynavw,
2957 4160 3040 4221 13
3082 4159 3333 4237 Auyust
3374 4158 3553 4220 1192.

1218 4260 1754 4331 MCLXXXXII,
1799 4260 1931 4320 ind.
1978 4262 2063 4331 Χ,
2107 4259 2193 4319 id.
2238 4278 2385 4338 aug.
2493 4256 3034 4318 Ildibrandus
3090 4256 3265 4316 Vult.
3310 4276 3411 4335 ep.
3468 4256 3559 4317 do

1097 4362 1166 4421 in
1207 4360 1436 4440 pignus
1475 4359 1828 4437 presbitero
1871 4358 2082 4418 Fede
2124 4360 2315 4437 priori
2359 4378 2407 4417 s.
2456 4354 2714 4416 Eusebii
2756 4354 3102 4416 redditum.
3143 4353 3315 4432 quod
3345 4352 3559 4414 habeo

1097 4458 1178 4520 de
1220 4458 1585 4519 molendino
1628 4456 1881 4516 abbatis
1923 4457 2004 4516 de
2049 4456 2215 4515 Elmi
2256 4463 2323 4516 et
2359 4456 2585 4533 prioris
2613 4453 2691 4514 de
2719 4451 3040 4515 CertaldO.
3126 4452 3320 4511 Act.'
3302 4469 3371 4511 in
3398 4451 3553 4512 eccl.

1097 4577 1145 4617 s,
1193 4557 1627 4633 G(eminiani).
1702 4555 2055 4631 Gregorius,
2102 4554 2444 4614 Aspdutus.
2489 4553 2818 4613 Lutteriue
2861 4549 2971 4629 qd.
3018 4549 3316 4609 Lutterii.
3364 4547 3555 4607 Lam·

1244 4767 1284 4828 ¹)
1323 4764 1508 4813 Leerer
1543 4762 1738 4812 Rawm.
