3817 5642
1132 587 1243 640 228
1784 585 2228 642 REGESTUM
2267 585 2948 640 VOLATERRANUM

1132 782 1319 843 berto
1358 780 1722 852 tenebatur,
1767 787 2085 862 cogerent,
2135 801 2303 862 papa
2361 779 2744 841 Florentinis
2803 781 3158 852 mandavit,
3209 789 3282 840 ut
3337 781 3419 842 ab
3469 781 3580 840 hoc

1130 879 1310 940 facto
1348 878 1745 939 desisterent.
1792 877 2086 952 Mandat,
2129 878 2460 957 quatinuS,
2507 879 2556 938 si
2602 897 2731 939 non
2759 877 3046 950 fecerint,
3075 897 3185 938 eos
3213 877 3391 940 adid
3419 900 3578 939 com-

1132 977 1349 1056 pellat,
1396 977 1673 1055 proviso,
1716 997 1796 1037 ne
1844 979 1909 1038 in
1953 973 2444 1037 universitatem
2489 975 2654 1036 Flor.
2705 977 3432 1037 excommunicationem
3491 977 3576 1036 vel

1130 1073 1547 1134 interdictum
1578 1073 1697 1133 nisi
1726 1073 1807 1132 de
1834 1071 2096 1151 speciali
2125 1073 2440 1134 mandato
2469 1071 2773 1152 proferat.
2857 1093 2884 1130 α
2905 1070 3088 1132 Sicut
3115 1071 3284 1133 bone
3303 1093 3349 1133 t.
3437 1074 3574 1132 Dat.

1134 1169 1437 1230 Laterani
1481 1170 1546 1230 X
1586 1171 1715 1232 kal.
1762 1171 1937 1246 maii,
1981 1175 2164 1250 pont.
2210 1169 2333 1231 III.

1459 1266 1617 1329 Volt.
1654 1265 1892 1327 AVeec.
1923 1285 1972 1326 ε.
2003 1265 2194 1326 XIII
2221 1265 2346 1326 dec.
2378 1266 2418 1327 6
2445 1286 2512 1326 n.
2541 1265 2624 1327 39
2649 1265 2820 1342 Θήρ.
2853 1265 3067 1340 (Bane
3093 1267 3413 1343 verton-en).

1130 1487 1267 1548 685.
2499 1501 2508 1508 ·
2813 1487 3071 1559 Vite-bo,
3118 1487 3158 1548 8
3196 1487 3366 1548 Juni
3407 1489 3569 1549 1257.

1254 1583 1705 1645 Alexander
1748 1583 1851 1644 IV
1896 1582 2229 1662 (Henrico)
2273 1605 2372 1663 ep.
2419 1585 2700 1645 Lucano.
2805 1583 2970 1658 Quia
3027 1584 3198 1646 bona
3253 1585 3572 1664 hospitalis

1130 1681 1457 1760 Altopassi
1496 1681 1905 1758 diripiuntur,
1951 1681 2242 1754 mandat,
2287 1683 2596 1761 quat—inus
2639 1701 2766 1754 eoa,
2797 1685 2908 1760 qui
2937 1684 3075 1762 ipsa
3104 1680 3420 1756 detinent,
3451 1682 3570 1744 red-

1129 1778 1277 1840 dere
1316 1785 1616 1840 recusant
1656 1785 1723 1839 et
1766 1781 2029 1840 nuntios
2069 1779 2404 1859 hospitalis
2448 1781 2532 1840 ad
2575 1787 2792 1858 partes
2834 1779 3022 1840 Italic
3077 1781 3164 1840 ad
3211 1781 3570 1841 elemosinas

1128 1877 1513 1956 colligendas
1554 1878 1779 1938 missos
1822 1877 2208 1956 impediunt.
2242 1877 2328 1938 ad
2354 1878 2736 1938 cessandum
2767 1885 2834 1938 et
2863 1877 3388 1938 satisfaciendum
3416 1898 3567 1938 com-

1130 1974 1327 2052 pellat
1367 1975 2002 2053 archiepiscopoeque
2041 1981 2110 2034 et
2148 1977 2482 2054 episcopos
2524 1977 2844 2037 dictarum
2871 1976 3154 2054 partium
3189 1983 3462 2046 moneat,
3503 1983 3568 2036 ut

1129 2071 1389 2131 nuntios
1431 2071 1763 2144 adiuvent;
1809 2069 1987 2150 quod
2029 2071 2082 2130 si
2111 2090 2244 2132 non
2269 2071 2556 2144 fecerint,
2589 2073 2832 2131 nuntiis
2859 2071 3238 2132 facultatem
3275 2071 3564 2132 concedat

1127 2187 1234 2229 eos
1268 2187 1533 2229 censura
1576 2167 2001 2228 ecclesiastica
2041 2169 2510 2249 compescendi.
2596 2168 2805 2229 «Cum
2847 2169 2967 2229 Dei
2989 2190 3032 2228 a».
3119 2169 3268 2228 Dat.
3315 2168 3566 2231 viterbii

1126 2265 1220 2327 VI
1260 2265 1346 2327 id.
1394 2267 1547 2330 iun..
1594 2272 1771 2344 pont.
1818 2264 1940 2328 111.

1456 2363 1611 2426 Volt.
1644 2363 1864 2440 AG'ap.
1896 2383 1959 2424 n.
1990 2363 2112 2426 222
2139 2363 2552 2443 aleiohzeitiqe
2582 2363 2734 2442 Cop.

1126 2567 1265 2626 686.
2873 2567 3048 2640 Pisa,
3093 2567 3174 2627 25
3213 2566 3359 2627 Juli
3397 2567 3562 2626 1257.

1245 2663 1595 2724 Consilium
1622 2664 1962 2736 credentie,
1995 2671 2368 2725 senatorum
2399 2671 2466 2723 ot
2493 2665 2901 2724 antianorum
2937 2666 3055 2725 Pis.
3083 2665 3304 2744 populi
3330 2683 3369 2724 a
3395 2663 3564 2724 nobis

1127 2759 1466 2820 Ricciardo
1508 2761 1587 2820 de
1628 2761 1795 2822 Villa
1837 2762 1968 2822 Pis,
2010 2767 2336 2839 potestate
2379 2763 2689 2840 petitum:
2745 2764 2908 2824 Cum
2964 2761 3562 2823 ambaxiatores

1128 2858 1339 2919 Vult.
1384 2865 1631 2936 petant,
1674 2867 1747 2918 ut
1792 2858 2217 2919 concedamus
2261 2860 2723 2921 mercatoribus
2766 2861 2939 2921 Vult.
2997 2861 3324 2920 licentiam
3377 2861 3560 2920 disca-

1126 2955 1370 3016 ricandi
1412 2957 1479 3016 in
1520 2955 1809 3034 portibus
1856 2955 1975 3016 Pis.
2023 2954 2286 3017 bladum
2330 2963 2398 3018 et
2425 2975 2714 3036 granum,
2748 2958 2924 3036 quod
2953 2957 3036 3018 ad
3061 2963 3288 3036 portus
3315 2955 3560 3016 reduxe-

1125 3055 1254 3114 rint
1297 3059 1363 3113 et
1404 3055 1694 3124 emerint,
1742 3055 1807 3114 in
1850 3054 2139 3132 partibus
2183 3039 2398 3134 pelagi
2438 3061 2677 3128 tamen,
2722 3061 2789 3116 et
2829 3055 2908 3116 de
2951 3054 3244 3133 portibus
3285 3055 3368 3115 ad
3401 3053 3557 3113 Vult.

1124 3153 1258 3212 sine
1298 3151 1570 3230 pedagio
1597 3171 1710 3231 per
1736 3151 1998 3212 fortiam
2029 3131 2155 3212 Pis!
2183 3154 2591 3232 exportandi,
2621 3152 2780 3230 quid
2807 3154 2954 3214 inde
2981 3151 3224 3230 placet!
3311 3151 3562 3212 Summa

1124 3249 1399 3310 consilii:
1445 3249 1867 3320 Concedatur,
1915 3249 2090 3331 quod
2132 3251 2305 3310 cives
2348 3249 2525 3311 Vult.
2569 3251 2816 3329 possint
2855 3249 3254 3311 frumentum
3281 3251 3410 3310 eive
3436 3248 3558 3309 bla-

1123 3345 1278 3405 dum
1320 3345 1661 3406 emendum
1688 3347 1757 3406 in
1784 3346 2298 3424 quibuscumque
2344 3345 2496 3408 locis
2524 3354 2709 3407 extra
2738 3349 3068 3408 civitatem
3097 3353 3162 3408 et
3203 3347 3548 3408 districtum

1123 3441 1271 3514 Pis„
1297 3449 1707 3521 preterquam
1740 3443 1803 3502 in
1824 3443 2120 3512 Corneto,
2147 3447 2461 3504 comitatu
2485 3442 2984 3514 Ildibrandesco‚
3009 3443 3312 3505 Grosseto
3339 3449 3400 3504 et
3421 3441 3557 3502 indc

1124 3557 1323 3617 usque
1346 3538 1427 3597 ad
1455 3539 2153 3611 Civitatemvecchiam,
2185 3540 2623 3618 reducendum
2651 3561 2690 3600 a
2732 3540 3242 3620 quibuscumque
3277 3539 3552 3608 navibuS,

1122 3633 1203 3695 de
1264 3653 1393 3714 qua
1455 3637 1777 3713 emptione
1833 3643 2188 3714 appareant
2229 3637 2497 3716 publica
2554 3639 2978 3698 instrumenta
3035 3645 3101 3698 et
3161 3639 3372 3698 littere
3425 3655 3556 3696 cum

1122 3733 1327 3813 sigillo
1366 3735 1627 3795 rectoris
1669 3741 1785 3794 aut
1827 3737 2136 3809 comuniS,
2185 3755 2386 3813 usque
2429 3735 2512 3794 ad
2555 3736 2677 3797 kal.
2734 3737 2864 3796 iun.
2921 3743 3180 3796 tantum
3236 3743 3556 3814 exportare

1122 3831 1203 3891 de
1244 3831 1510 3891 civitate
1552 3837 1617 3890 et
1661 3830 1957 3891 districtu
2003 3831 2128 3891 Pis.
2161 3833 2294 3892 sine
2341 3832 2630 3912 pedagi0‚
2676 3834 2854 3894 salvo
2896 3833 3074 3912 quod
3101 3833 3277 3910 apud
3305 3833 3552 3893 Portum

1123 3929 1426 3989 Pisanum
1470 3935 1535 3988 et
1576 3949 1705 3988 non
1734 3929 1887 3988 alibi
1917 3929 2328 4006 applicent¹).
2415 3931 2687 3992 Factum
2731 3933 2795 3990 in
2838 3931 3033 3991 domo
3066 3932 3450 3992 Bonaccursi
3483 3927 3554 3985 de

1124 4025 1385 4098 BlancO‚
1430 4026 1496 4084 in
1536 4045 1667 4104 qua
1709 4025 1873 4084 fiunt
1917 4026 2182 4088 consilia
2226 4027 2344 4086 Pis.
2390 4029 2688 4088 civitatis,
2795 4026 3202 4103 MCCLVIII,
3245 4029 3371 4088 ind.
3423 4023 3548 4092 XV,

1122 4123 1289 4186 VIII
1328 4122 1454 4184 kal.
1501 4143 1645 4201 aug.
1730 4123 2040 4204 Sequenti
2081 4125 2184 4184 die
2227 4125 2602 4185 Ricciardus
2643 4126 2722 4186 de
2752 4125 2917 4186 Villa
2945 4124 3024 4186 de
3054 4125 3412 4186 Mediolano
3439 4125 3545 4184 Pis.

1120 4227 1409 4300 potestas
1450 4221 1631 4281 dedit
1672 4221 1920 4282 civibus
1963 4223 2136 4282 Vult.
2182 4222 2503 4282 licentiam
2547 4243 2818 4300 granum
2859 4223 3204 4284 reducendi
3245 4229 3310 4282 ct
3349 4238 3550 4300 expor-

1122 4317 1305 4379 tandi
1346 4338 1562 4378 secure
1604 4338 1717 4396 per
1760 4338 1933 4378 mare
1977 4323 2045 4378 et
2083 4326 2338 4380 terram.
2425 4321 2565 4379 Act.
2615 4321 2773 4380 Pisis
2815 4323 2879 4381 in
2923 4320 3118 4381 domo
3156 4321 3452 4388 comunis,
3491 4317 3546 4374 in

1120 4433 1251 4496 qua
1292 4423 1579 4476 moratur
1621 4422 1928 4494 potestas,
2014 4415 2306 4477 Guidone
2353 4419 2566 4477 Boccii
2607 4417 2716 4496 qd.
2763 4418 3046 4479 Rainerii
3087 4425 3154 4478 et
3195 4417 3429 4478 Grunio
3466 4415 3546 4472 iu-

1262 4601 1306 4670 ¹)
1351 4593 1489 4652 Uber
1523 4605 1627 4653 den
1664 4605 2129 4666 Geireide-Export
2167 4605 2304 4654 nach
2335 4608 2490 4665 Pisa,
2519 4606 2795 4654 besondere
2819 4621 2922 4654 aus
2951 4607 3044 4654 der
3068 4605 3389 4662 Mar-emma,
3416 4601 3541 4651 siche

1111 4691 1351 4742 Schaubc
1374 4693 1908 4754 Handeleqeeckichte
1929 4693 2021 4741 der
2046 4693 2428 4742 romaniechen
2461 4694 2656 4743 Volker
2679 4695 2770 4742 dee
2799 4695 2864 4742 M
2868 4693 3311 4755 &aelmaer-ydiota
3335 4693 3412 4742 bis
3437 4702 3546 4738 zum

1112 4779 1265 4832 Eudo
1299 4781 1395 4832 der
1428 4782 1743 4843 Kreuzziiye
1782 4784 2027 4832 611-632.
