3817 5642
876 593 1319 648 REGESTUM
1357 593 2043 648 VOLATERRANUM
2580 593 2688 648 227

2068 687 2260 694 -——-

231 691 270 696 —
291 691 302 696 -
341 691 498 696 -·-—-
1163 687 1304 694 ——0—

225 793 337 851 riis
366 791 589 870 populi
616 788 779 850 Flor.
805 789 1170 868 placuisset,
1194 788 1371 866 quod
1396 807 1588 866 super
1608 808 1686 849 ea
1708 787 1779 850 II
1806 787 2154 867 prudentes
2177 788 2298 848 viri
2327 808 2366 848 a
2395 787 2690 867 partibus

224 890 627 966 eligerentur,
678 895 747 948 et
796 885 1121 948 Orlandus
1158 887 1241 948 de
1280 887 1505 948 Strata
1544 885 1591 946 f.
1636 886 1745 966 qd.
1790 885 2028 946 villani
2068 885 2232 946 Flor.
2279 887 2454 958 civis,
2497 889 2688 948 comi-

224 993 370 1046 tum
402 992 781 1064 procurator
819 987 1249 1046 instrumento
1294 983 1675 1046 Bernardini
1701 985 1783 1046 de
1822 984 2165 1044 Arcidosso
2209 991 2361 1056 not„
2393 983 2688 1046 Albizum

223 1082 671 1145 Trinciavellie
714 1085 1147 1161 iurisperitum
1202 1083 1282 1142 de
1336 1081 1502 1143 Flor.
1548 1087 1615 1144 et
1656 1082 2042 1143 Aldofredus
2072 1081 2376 1144 Nicchole
2404 1083 2486 1144 de
2514 1083 2688 1144 Vult.

222 1183 513 1243 sindicus
552 1182 843 1242 comunis
886 1182 1245 1261 Ardingum
1286 1181 1368 1242 de
1410 1179 1584 1240 Vult.
1629 1181 2067 1259 iurisperitum
2109 1180 2153 1240 f.
2197 1180 2302 1259 qd.
2349 1181 2516 1241 Golli
2569 1183 2688 1256 ele-

224 1283 489 1358 gissent,
536 1278 921 1341 Aldofredus
975 1285 1045 1341 et
1095 1278 1415 1341 Orlandus
1472 1279 1537 1340 in
1592 1297 1699 1340 eos
1755 1280 2364 1358 compromiserunt;
2423 1299 2565 1358 pen.
2623 1279 2690 1340 Μ

228 1398 420 1438 Μῃο-
466 1397 811 1538 a'rgli'lorenz‘
842 1476 998 1536 Ast.
1032 1475 1219 1551 (Volt.
1250 1475 1430 1546 1285,
1462 1496 1525 1535 η.
1555 1475 1741 1551 1184)
1779 1475 1952 1552 Oriq.
1999 1476 2491 1554 (unwllzoqener
2531 1477 2688 1538 Par·

549 1575 935 1652 teientumrl).

226 1761 364 1820 682.
1816 1759 2112 1834 Volterra,
2158 1760 2240 1821 15
2281 1761 2466 1823 Mdv-z
2506 1762 2686 1824 1257.

344 1857 685 1930 MCGLVI,
730 1858 859 1919 ind.
893 1857 1037 1930 XV,
1068 1858 1153 1918 id.
1186 1865 1373 1919 mart.
1461 1858 1673 1918 Guido
1714 1858 1912 1919 iudex
1953 1863 2022 1918 et
2065 1878 2342 1920 assessor
2381 1859 2554 1921 Vult.
2588 1879 2688 1921 co·

226 1955 463 2026 muniti,
494 1955 770 2017 vicarius
798 1955 1149 2017 Bonacursi
1179 1956 1588 2017 Bellincionis
1629 1957 1711 2016 de
1752 1953 2082 2016 Florentia
2107 1956 2284 2018 Vult.
2322 1959 2686 2035 potestatis,

223 2058 289 2113 et
330 2053 681 2115 consiliarii
760 2053 1293 2114 contradixerunt
1334 2053 1643 2112 Benbono
1686 2057 1821 2113 nob.
1864 2052 2112 2112 sindico
2145 2055 2457 2126 comunis,
2488 2073 2568 2114 ne
2597 2074 2688 2115 re-

224 2151 549 2230 spondeat
574 2151 976 2228 procuratori
1006 2149 1593 2212 Ildebrandini
1632 2155 1702 2210 et
1735 2148 2114 2210 Umberti
2154 2147 2198 2210 f.
2229 2148 2334 2228 qd.
2367 2149 2690 2211 Guilielmi

222 2250 541 2310 comitum
584 2247 664 2308 de
706 2247 1131 2327 petitionibus
1172 2265 1287 2326 pro
1327 2246 1591 2326 singulis
1632 2246 1920 2325 personis
1959 2245 2041 2306 de
2083 2247 2306 2308 Silano
2345 2252 2412 2306 et
2439 2247 2687 2309 Monte-

222 2343 529 2422 gemmoli
572 2365 787 2423 cogam
830 2345 1056 2406 Albizo
1098 2351 1165 2406 et
1207 2345 1495 2425 Ardingo
1536 2343 1793 2404 arbitris
1836 2345 2185 2422 assumptis
2227 2343 2311 2404 ab
2341 2343 2690 2406 Aldofredo

224 2441 487 2504 Niccole
528 2442 773 2504 sindico
812 2443 1103 2504 comunis
1146 2443 1320 2503 Vult.
1366 2451 1429 2502 et
1462 2440 1747 2502 Orlando
1774 2441 1855 2502 de
1884 2440 2118 2502 Strada
2145 2437 2558 2520 procuratos-e
2586 2463 2687 2504 co-

224 2545 480 2602 mitum.
565 2539 847 2604 Nomina
888 2541 1412 2602 consiliariorum.
1500 2540 1643 2600 Act.
1688 2541 1861 2601 Vult.
1906 2542 1976 2600 in
2003 2539 2152 2600 eccl.
2183 2559 2234 2600 s.
2267 2542 2482 2603 Marie.
2567 2542 2686 2602 Fo-

222 2657 357 2699 rese
400 2642 535 2698 not.
582 2639 943 2716 potestatis.
988 2637 1225 2698 Maffeo
1266 2636 1586 2698 Iaeecoms.
1620 2637 1981 2699 Octaviano
2023 2637 2204 2698 Pieri.
2239 2636 2557 2698 Rainaldo
2585 2637 2686 2699 del

224 2735 427 2796 Farso
470 2741 549 2796 tt.
636 2733 1001 2797 Ranuccius
1042 2733 1124 2796 de
1165 2733 1338 2796 Vult.
1386 2733 1490 2814 qd.
1537 2735 1768 2796 vitalis
1808 2741 1942 2796 not.

550 2833 813 2893 Florem
848 2831 1000 2893 Ast.
1036 2831 1225 2908 (Volt.
1257 2831 1419 2892 1256
1446 2831 1567 2892 III
1596 2832 1696 2907 12,
1726 2852 1791 2894 n.
1822 2831 1967 2909 696)
1999 2831 2169 2910 Oriq

220 3039 359 3099 683.
1788 3037 2111 3109 Montieri,
2156 3037 2238 3099 30
2279 3038 2466 3100 Mdrz
2504 3038 2682 3100 1257.

346 3133 873 3208 MCCLV11,111
914 3135 1039 3195 kal.
1086 3155 1243 3214 apr„
1288 3135 1415 3194 ind.
1464 3133 1603 3196 XV.
1688 3135 1904 3196 Guido
1937 3135 2282 3196 Alamanni
2310 3141 2378 3195 et,
2403 3135 2550 3217 Ugo
2579 3137 2686 3216 qd.

220 3234 639 3314 Uguiccionis
666 3234 747 3294 de
776 3231 978 3307 Senis,
1010 3239 1452 3312 procuratores
1492 3232 1715 3295 Iacobi
1757 3233 1859 3312 qd.
1908 3231 2182 3292 Renaldi
2218 3238 2287 3294 et
2316 3233 2536 3294 Iacobi
2578 3234 2683 3314 qd.

220 3330 581 3392 Ranuccini
627 3328 707 3389 (16
746 3331 929 3392 Senis
970 3335 1037 3391 et,
1078 3332 1394 3391 sociorum
1423 3336 1605 3392 carta
1632 3329 1944 3391 Guidonis
1974 3337 2132 3402 not„
2164 3331 2545 3392 confitemur
2569 3352 2686 3394 nos

216 3431 537 3508 recepisse
578 3448 617 3487 a
658 3427 969 3500 Ventura,
1016 3427 1354 3500 Rainald0‚
1398 3427 1704 3488 Micchele
1746 3429 2050 3488 castaldis
2091 3448 2202 3489 seu
2235 3428 2591 3492 factoribus
2619 3429 2688 3491 in

218 3529 544 3588 Monterio
572 3546 689 3605 pro
720 3526 1057 3588 Raineri
1077 3546 1115 3587 o
1156 3525 1329 3586 Vult.
1369 3526 1573 3588 electo
1599 3525 1825 3588 CCXV
1854 3525 1960 3587 lib.
1993 3527 2137 3586 den.
2171 3525 2314 3587 Sen.
2347 3529 2574 3589 minut.
2606 3548 2686 3589 ex

215 3627 359 3687 iure
400 3643 577 3686 cesso
620 3626 709 3684 eis
754 3646 793 3684 a
834 3625 1093 3684 comuni
1134 3621 1277 3684 Sen.
1324 3625 1583 3685 nomine
1608 3643 1834 3685 census
1876 3643 1996 3702 pro
2021 3631 2237 3686 castro
2263 3625 2342 3686 de
2369 3625 2688 3688 Monterio

216 3743 339 3803 pro
383 3742 557 3784 anno
598 3743 637 3783 a
678 3721 803 3783 kal.
850 3729 1035 3782 mart.
1082 3729 1267 3782 retro.
1355 3721 1496 3782 Act.
1542 3721 1857 3783 Monterii.
1948 3723 2114 3802 Rigo
2156 3721 2496 3784 Gullielmi.
2558 3723 2685 3784 Ra-

212 3825 401 3884 nerio
444 3821 709 3882 Ranerii
752 3819 1065 3881 Iamboni.
1113 3820 1474 3882 Benincasa
1510 3819 1880 3898 Compagni.
1927 3821 2163 3882 Maffeo
2189 3821 2366 3882 dicto
2394 3821 2686 3884 Palastro

214 3919 327 4000 qd.
376 3917 677 3979 Seracini.
722 3917 939 3980 Ghezo
982 3916 1349 3979 Buonfilioli
1390 3924 1459 3979 et
1499 3918 1673 4000 Pepo
1711 3917 1904 3978 Russi
1933 3924 2010 3979 tt.
2098 3917 2522 3979 Ildebrandus
2551 3917 2687 3980 Ma·

210 4017 427 4078 rinelli
468 4017 621 4095 imp.
668 4021 837 4078 auct.
882 4021 1020 4076 not.

555 4111 713 4174 Volt.
758 4111 999 4174 AVeac.
1042 4131 1092 4172 ε.
1136 4111 1325 4172 XIII
1367 4111 1491 4174 dec.
1536 4113 1575 4173 6
1615 4133 1680 4174 n.
1711 4113 1789 4173 51
1818 4113 1993 4189 Θήρ.
2029 4113 2124 4188 (in
2151 4133 2212 4171 π.
2243 4112 2364 4173 698
2395 4111 2682 4190 Ζίερεπᾶ).

211 4305 359 4363 684.
1918 4297 2097 4368 Rom,
2141 4298 2224 4359 22
2265 4297 2460 4374 April
2501 4295 2680 4359 1257.

338 4396 814 4457 Alexander
854 4395 961 4458 IV
993 4395 1355 4474 (Nicholao)
1386 4396 1611 4458 abbati
1638 4415 1689 4456 s.
1722 4397 1887 4458 Iusti
1921 4394 2093 4456 Vult.
2183 4395 2345 4467 Quia
2372 4401 2684 4472 potestas,

210 4515 497 4558 comune
529 4501 599 4556 et
624 4493 961 4555 consilium
990 4491 1153 4554 Flor.
1190 4493 1540 4555 Ranerium
1570 4493 1742 4554 Vult.
1776 4493 2052 4554 electum
2083 4499 2418 4571 tamquam
2449 4491 2684 4553 laicum

210 4616 329 4672 per
360 4612 668 4672 precones
698 4591 964 4652 Alberto
991 4590 1071 4651 de
1099 4593 1274 4652 Cona
1304 4594 1553 4652 concivi
1581 4611 1698 4652 suo
1725 4593 1791 4651 in
1820 4590 2086 4650 seculari
2113 4590 2256 4650 foro
2291 4591 2684 4668 compellunt,

210 4689 607 4768 respondere
648 4694 715 4747 et
757 4689 1089 4766 potestati,
1136 4689 1399 4749 consilio
1452 4695 1519 4748 ct
1574 4689 1894 4748 communi
1957 4687 2130 4746 Vult.
2188 4693 2254 4746 et.
2311 4688 2390 4746 de
2445 4685 2684 4748 Sancto

208 4788 608 4850 Geminiano
648 4785 1060 4859 mandarunt,
1106 4793 1181 4846 ut
1220 4786 1495 4846 electum
1540 4785 1623 4845 ad
1665 4784 2041 4848 solvendum
2074 4785 2388 4856 debitum,
2419 4804 2548 4864 quo
2581 4785 2684 4848 A!-
