3817 5642
959 525 1402 582 REGESTUM
1439 526 2127 581 VOLATERRANUM
2696 528 2769 581 23

203 799 210 806 .
311 724 554 784 minico
587 743 704 786 seu
743 724 1100 785 Lumissoio
1137 743 1239 804 gg.
1283 723 1331 784 f.
1377 723 1438 784 b.
1482 744 1569 785 m.
1613 723 1790 784 Petri
1829 729 2003 784 sorte
2043 725 2293 804 integra
2352 725 2417 784 in
2464 725 2775 786 Fornaola

315 839 516 900 prope
545 821 696 883 villa
721 820 804 882 de
831 821 1156 894 Comata,
1186 841 1237 882 r.
1267 843 1308 882 a
1336 823 1620 900 genitore
1647 828 1866 882 vestro
1891 827 1960 881 ot
1986 821 2180 883 modo
2207 840 2321 900 per
2350 839 2483 895 voe,
2506 829 2583 882 nt
2610 823 2777 883 infra

315 919 480 979 duos
500 938 704 980 annos
731 921 1054 980 caeninam
1085 919 1311 980 levetis
1339 925 1406 980 et
1431 918 1522 980 ibi
1550 919 1894 980 resedeatis
1924 925 1990 978 et
2016 919 2184 979 infra
2216 923 2453 997 agusto
2490 919 2777 980 reddatis

314 1014 400 1077 ad
443 1017 594 1078 ecol.
623 1037 674 1077 8.
703 1016 1048 1079 octabiani
1077 1037 1255 1096 pons.
1287 1035 1418 1095 arg.
1445 1017 1594 1077 den.
1623 1016 1892 1077 duodeci
1918 1016 1980 1078 b.
2010 1036 2157 1096 exp.
2186 1016 2395 1095 qualis
2422 1035 2535 1095 por
2574 1023 2773 1095 temp.

314 1133 400 1173 0.·
385 1133 570 1192 ,.pen
597 1133 730 1192 arg.
759 1113 872 1175 sol.
897 1112 1120 1174 XXX.
1205 1114 1350 1174 Act.
1382 1112 1732 1176 voloterre.
1817 1113 2120 1174 Anselmo
2140 1131 2223 1172 88.
2255 1111 2317 1172 S.
2350 1133 2436 1172 m
2459 1113 2775 1191 Uualfrigi

314 1231 428 1272 seu
469 1212 811 1273 Dominioo
852 1218 919 1273 et
973 1211 1346 1274 LumissoiO.
1431 1210 1834 1273 Rainbalduss
1887 1211 2275 1290 archipresb.
2308 1217 2375 1272 et
2401 1210 2551 1272 kan.
2578 1211 2775 1272 Adel·

315 1329 460 1370 mus
503 1311 918 1389 primicerius.
965 1309 1418 1372 Ermendricus
1457 1308 1667 1388 presb.
1711 1316 1779 1369 et
1819 1328 1961 1370 can.
1992 1309 2391 1370 Crescentius
2420 1309 2683 1372 clericus
2709 1313 2775 1369 et

316 1427 458 1469 can.
501 1407 793 1468 Andreas
833 1406 1044 1486 presb.
1087 1413 1156 1468 et
1183 1427 1325 1468 can.
1357 1407 1582 1468 Albizo
1609 1406 1810 1468 levita
1837 1413 1906 1468 et
1932 1425 2075 1467 can.
2106 1425 2187 1468 88.
2218 1406 2282 1468 S.
2315 1427 2399 1466 m.
2442 1406 2777 1469 Adalborti

311 1504 360 1565 f.
393 1505 456 1564 b.
483 1525 574 1565 m.
605 1505 958 1566 Adalberti.
991 1505 1245 1566 Adelmi
1271 1505 1322 1566 f.
1351 1505 1414 1566 b.
1443 1524 1532 1565 m.
1561 1503 1919 1566 Ildibrandi
1947 1525 2011 1583 q.
2044 1503 2267 1565 Ildjtio
2294 1523 2433 1565 voc.
2466 1511 2548 1566 tt.
2579 1504 2775 1565 Uual·

316 1601 504 1663 berto
545 1609 626 1663 tt.
669 1621 753 1664 88.
795 1603 1141 1664 'retbertus
1181 1602 1375 1664 iudex
1415 1603 1548 1681 inp.
1591 1621 1676 1662 88.
1797 1603 2030 1663 Petrus
2071 1607 2210 1663 not.

647 1700 808 1762 Volt.
841 1700 1060 1778 AC'ap.
1104 1720 1168 1762 n.
1213 1701 1292 1761 31
1321 1699 1493 1778 Oriq.

317 1899 414 1958 65.
1354 1911 1362 1922 ·
2109 1893 2402 1966 Voltur-ra,
2446 1895 2525 1956 M
2526 1915 2590 1956 αι
2634 1895 2773 1957 981.

437 1993 601 2055 Otto
639 1997 772 2073 inp.
818 1992 1048 2054 Ottoni
1089 1995 1220 2070 inp.
1265 1992 1328 2053 b.
1361 2011 1445 2052 m.
1479 1993 1523 2052 f.
1554 2011 1614 2052 a.
1645 1992 2149 2072 quartodecimO,
2195 1992 2390 2065 mad„
2422 1992 2553 2054 ind.
2586 2012 2774 2054 nona.

316 2093 614 2153 Petrus
657 2111 759 2170 ep.
790 2091 900 2152 lib.
931 2091 1154 2152 ordine
1182 2089 1370 2151 firmo
1393 2089 1692 2151 Andreae
1733 2090 1778 2149 f.
1811 2089 1874 2150 b.
1905 2111 1993 2151 m.
2024 2089 2411 2154 Ghisalberti
2454 2109 2669 2152 oasam
2711 2097 2779 2151 et

317 2195 556 2250 sortem
601 2189 668 2248 in
708 2187 1163 2267 BaoangnanO,
1207 2187 1402 2248 modo
1441 2207 1493 2248 r.
1535 2207 1650 2265 per
1689 2187 1883 2248 Petro
1926 2196 1993 2249 et
2034 2190 2165 2248 suis
2206 2207 2305 2265 gg.
2336 2207 2549 2260 mass„
2584 2187 2775 2266 perti·

319 2293 544 2348 nentes
586 2285 668 2345 dt·
721 2287 871 2347 e-eol.
931 2306 982 2346 8.
1027 2286 1212 2357 Iusti,
1275 2303 1401 2362 que
1455 2291 1554 2344 est
1607 2285 1729 2345 sub
1784 2285 1921 2345 iure
1974 2305 2075 2364 op.
2134 2285 2370 2357 Volet„
2428 2304 2544 2363 pro
2598 2305 2775 2364 pens.

317 2403 534 2444 annua
573 2383 882 2445 solvenda
925 2385 992 2443 in
1030 2382 1177 2444 fest.
1219 2403 1270 2442 8.
1317 2383 1516 2442 Mario
1561 2382 1626 2442 in
1667 2401 1814 2460 aug.
1857 2382 1943 2443 ad
1984 2388 2233 2443 curtem
2278 2401 2380 2462 ep.
2425 2389 2493 2444 et
2532 2383 2681 2444 eccl.
2724 2401 2776 2443 8.

315 2483 580 2560 Mangni
623 2483 942 2542 orientum
985 2479 1132 2541 den.
1177 2486 1326 2541 oct-o
1366 2479 1430 2540 b.
1475 2499 1619 2558 exp.
1651 2480 1858 2558 qualis
1899 2498 2017 2558 per
2055 2487 2233 2559 tonp.
2277 2500 2365 2554 o.;
2399 2499 2543 2560 pen.
2574 2481 2776 2541 arien-

315 2579 466 2640 talis
507 2579 622 2639 sol.
667 2580 956 2659 triginta.
1039 2576 1185 2638 Aet.
1229 2576 1443 2638 Volot.
1531 2576 1760 2638 Petrus
1787 2597 1888 2655 op.
1920 2595 2001 2638 88.
2034 2577 2097 2638 S.
2130 2597 2213 2638 m.
2245 2577 2518 2639 Andree.
2549 2577 2779 2638 Petrus

313 2695 396 2736 88.
429 2675 494 2737 S.
541 2696 626 2737 m.
659 2675 960 2737 Uuillomi
989 2677 1032 2752 ¹)
1061 2675 1107 2736 f.
1154 2674 1216 2735 b.
1247 2694 1334 2734 m.
1367 2676 1520 2735 item
1551 2674 1895 2735 Uuillelmi.
1926 2675 2137 2735 Teutii
2180 2675 2226 2736 f.
2272 2676 2337 2736 b.
2381 2695 2469 2737 m.
2512 2675 2775 2736 Pulche-

310 2775 454 2836 roni
497 2779 580 2834 tt.
663 2771 1010 2834 'retbertus
1049 2779 1185 2833 not.
1231 2778 1299 2833 et
1339 2773 1532 2834 iudex
1575 2773 1729 2852 imp.
1773 2773 2068 2851 scriptor.

649 2870 808 2932 Vozt.
852 2871 1164 2932 AMum'c.
1197 2869 1453 2946 (Radia)
1496 2870 1668 2948 Oriq.

312 3069 416 3130 66.
1883 3065 2179 3138 Vecta-ra,
2222 3066 2305 3127 16
2344 3066 2593 3144 Auqmt
2634 3066 2773 3127 982.

435 3164 602 3226 Otto
641 3166 774 3244 inp.
819 3151 1048 3226 ottoni
1089 3166 1220 3244 inp.
1266 3165 1329 3226 b.
1375 3184 1460 3224 m.
1491 3164 1539 3224 f.
1583 3185 1642 3225 8.
1681 3164 1826 3239 XV,
1872 3163 2072 3226 XVII
2112 3162 2239 3224 kal.
2286 3169 2458 3234 seht„
2502 3163 2634 3224 ind.
2692 3162 2778 3223 X.

310 3264 614 3326 Petrus
655 3262 868 3324 Volot.
911 3281 1012 3340 op.
1056 3262 1166 3323 liv.
1211 3282 1383 3323 nom.
1440 3263 1526 3323 do
1581 3263 1776 3322 Petro
1827 3261 1874 3322 f.
1922 3261 1983 3322 b
2030 3281 2116 3322 m.
2162 3261 2465 3323 Romaldi
2507 3267 2572 3320 et
2614 3261 2780 3321 Urso

307 3362 358 3423 f.
405 3360 468 3421 b.
514 3381 602 3421 m.
646 3361 778 3422 Leo
817 3362 1068 3422 cassina
1109 3380 1218 3422 880
1257 3362 1510 3441 integra
1537 3361 1714 3438 petia
1743 3361 1808 3420 in
1837 3360 1977 3420 1000
2005 3358 2092 3419 ad
2120 3359 2241 3419 Aia
2274 3378 2393 3437 pro
2420 3378 2569 3420 ann.
2598 3377 2775 3437 pene.

307 3461 380 3520 in
419 3459 570 3520 fest.
615 3477 666 3518 8.
711 3459 908 3519 Mario
949 3459 1016 3518 in
1057 3463 1288 3536 agusto
1328 3459 1694 3537 arigentum
1735 3457 1882 3519 den.
1928 3462 2076 3517 octo
2118 3456 2181 3517 b.
2227 3476 2375 3535 oxp.
2418 3455 2627 3535 qualis
2669 3475 2781 3535 per

309 3565 514 3636 temp.
546 3576 630 3628 0.‚
673 3555 804 3616 duo
847 3557 985 3617 vieo
1025 3557 1094 3616 in
1135 3575 1306 3616 anno
1347 3556 1434 3617 ad
1473 3556 1790 3617 iustitiam
1817 3555 2183 3616 faciendam
2214 3557 2431 3615 venire
2458 3553 2777 3626 debeatis;

309 3675 460 3734 pen.
505 3674 642 3734 arg.
685 3655 800 3714 801.
844 3651 1066 3714 XXX.
1151 3653 1668 3714 Act.Voloterre.
1751 3653 1983 3714 Petrus
2026 3672 2125 3731 ep.
2158 3672 2238 3712 88.
2272 3652 2334 3714 S.
2366 3671 2453 3712 m.
2496 3651 2673 3713 Petri
2712 3656 2781 3712 et

309 3753 486 3814 Ursi.
571 3751 924 3812 Lamberto
963 3757 1044 3812 tt.
1089 3771 1170 3812 88.
1206 3751 1551 3813 'retbertus
1577 3751 1771 3812 iudex
1799 3753 1933 3830 inp.
1964 3771 2046 3812 88.
2078 3749 2307 3811 Petrus
2336 3755 2417 3810 tt.
2448 3769 2531 3810 88.
2615 3749 2779 3810 Ghe·

309 3851 542 3912 tardus
585 3856 723 3910 not.
769 3851 899 3929 inp.

653 3946 810 4008 Volt.
854 3947 1095 4011 AVao.
1137 3967 1188 4008 8.
1233 3947 1300 4008 Χ
1339 3947 1464 4008 deo.
1501 3948 1537 4008 7
1575 3967 1639 4006 n.
1669 3946 1707 4006 1
1750 3946 1923 4024 Oriq.

311 4143 416 4206 67.
1883 4139 2183 4212 volterra,
2226 4138 2308 4198 15
2349 4137 2597 4214 Auquot
2638 4136 2776 4198 983.

441 4238 605 4301 Otto
645 4241 778 4319 inp.
824 4238 1054 4300 Ottoni
1095 4241 1228 4318 inp.
1275 4237 1337 4300 b.
1382 4259 1466 4299 m.
1497 4238 1540 4299 f.
1571 4259 1629 4298 8.
1663 4237 1842 4310 XVI,
1872 4236 2108 4298 XVIII
2134 4236 2262 4296 kal.
2293 4241 2465 4308 setta„
2497 4233 2627 4294 ind.
2658 4234 2779 4295 XI.

311 4341 436 4400 An
453 4337 706 4399 selmo
745 4337 1086 4398 archidiac.
1117 4343 1184 4397 et
1207 4337 1574 4416 prepositus
1601 4355 1651 4396 8
1683 4334 2022 4396 Ottabiani
2052 4334 2221 4394 iusta
2248 4333 2479 4394 domus
2506 4353 2555 4394 8.
2586 4333 2785 4394 Mario

313 4435 645 4515 episcopio
686 4435 898 4495 Volot.
928 4453 1042 4512 per
1075 4453 1459 4495 consensum
1499 4433 1906 4494 sacerdotum
1950 4451 2091 4493 can.
2136 4431 2379 4492 fratum
2422 4449 2708 4492 meorum
2738 4433 2781 4506 ¹)

312 4553 430 4595 seo
457 4533 654 4594 levite
693 4538 763 4593 et
801 4533 1046 4594 citatioi
1087 4532 1170 4593 ad
1213 4551 1474 4593 censum
1515 4531 1601 4592 do
1629 4537 1827 4610 atque
1867 4530 2055 4591 firmo
2095 4529 2460 4590 Martino
2502 4528 2547 4589 f.
2593 4527 2656 4588 b.
2696 4547 2779 4588 m.

477 4737 522 4803 ¹)
557 4738 646 4788 So.
