3817 5642
875 454 1323 529 REGESTUM
1361 454 1985 510 VOLATERRANU
1991 456 2053 509 M
2593 458 2701 510 323

181 652 406 712 tibus
427 650 793 712 decernant.
908 670 936 709 (ι
962 651 1091 713 Sua
1129 649 1316 713 nobis
1337 670 1381 711 ›>.
1495 651 1648 711 Dat.
1681 650 1890 711 Rome
1920 650 2095 727 apud
2123 671 2170 711 8.
2201 651 2471 711 Mariam
2502 653 2698 713 maio-

179 769 362 809 rem
407 745 548 809 XII
588 749 714 810 kal.
759 751 908 821 ian„
953 754 1132 828 pont.
1179 748 1266 808 II.

562 846 716 909 Volt.
763 846 1002 908 AVesc.
1046 866 1094 907 ε.
1137 844 1328 906 XIII
1368 846 1490 906 dec.
1526 846 1565 905 9
1603 866 1666 906 π.
1703 847 1780 907 70
1809 845 1979 923 Oriq.
2008 845 2223 921 (Bulle
2249 847 2535 907 verloren.
2567 847 2701 923 Aus

551 946 658 1005 der
697 943 1028 1005 Rviclcseite
1073 944 1136 1005 O.
1183 944 1264 1005 de
1307 942 1547 1005 Sancto
1590 943 2014 1020 Geminiano).

189 1140 362 1197 949.
1948 1140 2125 1211 Rom,
2171 1140 2252 1199 15
2292 1139 2477 1201 Mdrz
2517 1139 2696 1200 1290.

343 1234 748 1296 Nicolaus
791 1235 900 1296 IV
963 1238 1156 1315 priori
1194 1235 1276 1297 de
1319 1236 1716 1317 Tassignano
1761 1236 1911 1297 Luc.
1954 1237 2121 1297 dioc.
2218 1236 2499 1298 Nuntiat
2550 1256 2698 1297 con·

187 1338 532 1411 questum
573 1352 706 1393 esse
748 1332 1090 1394 Matheum
1148 1332 1356 1413 presb.
1401 1336 1546 1395 eccl.
1592 1334 1672 1393 de
1715 1354 1762 1393 s.
1807 1334 2169 1405 Mustaiola,
2214 1334 2391 1412 quod
2445 1335 2697 1395 univer·

185 1432 452 1491 sitates
492 1438 857 1491 castrorum
902 1432 984 1491 de
1024 1430 1477 1492 Montefosculi
1519 1437 1587 1491 et
1627 1430 1706 1489 de
1735 1430 2009 1492 Fabrica
2033 1430 2207 1492 Vult.
2237 1432 2397 1493 dioc.
2430 1430 2514 1491 ad
2547 1432 2693 1491 cccl.

188 1526 544 1588 hostiliter
585 1527 960 1587 accedentes
1009 1530 1426 1595 frumentum,
1472 1528 1716 1597 vinum,
1763 1546 2029 1605 pannos.
2076 1528 2291 1601 boveS,
2334 1528 2693 1606 pecuniam,

191 1624 344 1684 alia
397 1630 830 1703 asportarunt.
877 1624 1166 1695 Mandat,
1213 1625 1522 1701 quatinus
1563 1642 1825 1684 causam
1867 1626 2081 1685 usuris
2134 1624 2532 1687 cessantibus
2588 1626 2695 1685 de-

193 1722 425 1793 cidat,
470 1723 924 1783 universitates
967 1726 1187 1783 autem
1227 1741 1360 1783 non
1399 1722 1525 1783 nisi
1563 1722 1644 1783 de
1687 1723 1999 1784 mandato
2038 1722 2296 1809 speciali
2332 1740 2695 1783 excommu-

197 1820 400 1881 nicet
441 1820 542 1881 vel
586 1820 932 1881 interdicto
975 1820 1258 1881 innodet.
1344 1839 1373 1879 8
1395 1820 1803 1899 Conquestus
1843 1825 1943 1881 est
1961 1842 2043 1921 ιι..
2091 1820 2241 1882 Dat.
2286 1820 2492 1881 Rome
2520 1821 2696 1901 apud

194 1940 252 1979 s,
309 1918 590 1979 Mariam
631 1920 941 1979 maiorem
983 1918 1065 1979 id.
1113 1926 1319 1988 mart„
1362 1925 1542 1996 pont.
1588 1917 1714 1979 III.

565 2016 711 2077 Volt.
761 2015 982 2093 ACap.
1031 2036 1092 2075 n.
1135 2015 1258 2076 289
1299 2015 1468 2093 Oriq.
1517 2016 1728 2092 (Bulla
1765 2036 1852 2077 an
1893 2016 2346 2097 Hansscknur).

205 2214 364 2271 950.
1837 2210 2096 2281 OrvietO,
2140 2210 2177 2269 1
2220 2210 2473 2271 Oktober
2513 2211 2690 2271 1290.

342 2309 410 2369 N
424 2309 747 2369 icolaus
790 2306 899 2367 IV
941 2308 1239 2385 episcopo
1269 2310 1312 2383 ι)
1359 2306 1588 2367 Pistor.
1675 2306 1967 2379 Mandat,
1998 2309 2305 2385 quatinus
2334 2326 2428 2376 ea,
2460 2327 2584 2386 que
2612 2308 2693 2367 de

203 2407 412 2467 bonis
453 2406 538 2466 ad
579 2424 870 2466 mensam
913 2424 1012 2484 ep.
1057 2404 1231 2465 Vult.
1277 2405 1719 2483 spectantibus
1749 2404 2031 2465 alienata
2059 2407 2393 2475 invenerit,
2422 2426 2557 2466 non
2582 2404 2691 2464 ob-

201 2503 552 2565 stantibus
591 2503 820 2563 litteris
864 2503 1384 2576 renuntiationiS,
1431 2504 1631 2579 penis,
1673 2503 2069 2571 iuramentis,
2100 2502 2695 2563 confirmationibus

203 2604 394 2665 sedis
435 2622 536 2681 ap.
581 2602 701 2662 sub
743 2602 957 2662 forma
1013 2602 1359 2673 communi,
1405 2602 1490 2661 ad
1546 2602 2010 2679 proprietatem
2070 2620 2286 2661 mense
2341 2607 2599 2661 revocet
2623 2600 2691 2675 ²).

205 2722 234 2759 (ι
261 2700 376 2759 Ad
418 2698 816 2759 audientiam
840 2720 885 2758 ν).
973 2696 1121 2758 Dat.
1168 2698 1345 2775 apud
1393 2696 1924 2758 Urbemveterem
1981 2697 2104 2756 kal.
2152 2704 2296 2769 oct„
2342 2702 2519 2776 pont.
2565 2696 2689 2757 III.

558 2796 711 2857 Volt.
759 2795 995 2858 AVem.
1041 2814 1088 2853 8.
1133 2793 1323 2855 XIII
1365 2794 1486 2855 dec.
1535 2792 1574 2854 8
1612 2814 1674 2853 n.
1721 2794 1800 2854 83
1841 2793 2011 2871 Oriq.
2047 2794 2257 2871 (Bulle
2296 2795 2610 2871 verloren).

211 2994 359 3051 931.
731 2986 734 2991 ’
1167 2989 1372 3049 Sama
1417 2988 1601 3049 Croce
1640 2990 1730 3049 im
1773 2990 2051 3061 Arnotal‚
2094 2991 2176 3051 17
2217 2990 2473 3051 Oktober
2512 2992 2689 3053 1290.

339 3086 856 3157 MCCLXXXX,
899 3086 1030 3147 ind.
1089 3084 1258 3157 1111,
1319 3085 1519 3147 XVII
1560 3092 1684 3147 oct.
1793 3086 2157 3165 Hugolinus
2212 3088 2292 3148 de
2349 3086 2555 3150 Senne
2610 3090 2691 3149 de

209 3186 565 3247 Ubaldinis
604 3185 932 3247 confessus
971 3184 1096 3244 fuit
1140 3204 1206 3243 88
1253 3183 1552 3245 habuisse
1594 3184 1840 3245 litteras
1883 3205 1923 3245 a
1964 3186 2235 3247 Tadeo
2295 3186 2373 3246 de
2415 3186 2691 3247 Donalis

209 3287 661 3361 potestate
702 3281 918 3343 Vult.
963 3287 1031 3343 et
1074 3280 1334 3341 Andrea
1375 3282 1459 3342 de
1501 3281 1849 3343 Acharisiis
1889 3283 1971 3343 de
2003 3283 2180 3343 Senis
2210 3285 2549 3362 capitaneo
2578 3304 2690 3362 po-

209 3380 353 3457 puli
399 3377 572 3440 Vult.
593 3379 663 3455 ⁸);
707 3379 1094 3457 quicumque
1139 3376 1432 3447 voluerit,
1476 3397 1593 3438 suo
1635 3381 1894 3459 proprio
1936 3381 2284 3457 prs-iudicio
2312 3382 2402 3441 ire
2429 3381 2686 3442 debeat.

211 3480 364 3538 Act.
391 3477 568 3555 apud
595 3476 902 3538 Sanctam
933 3476 1222 3537 Crucem.
1308 3476 1525 3536 Vanni
1551 3476 1750 3537 Benci
1771 3478 1996 3557 populi
2023 3496 2070 3537 8.
2098 3477 2405 3539 Iohannis
2433 3480 2691 3541 maioris

213 3581 286 3636 et
327 3574 578 3636 Marino
620 3575 700 3636 de
745 3572 1141 3643 Pianvallico
1183 3578 1262 3633 tt.
1349 3573 1593 3652 Helyas
1636 3573 1900 3635 Henrici
1942 3575 2023 3635 de
2066 3574 2390 3637 Risanteri
2432 3582 2564 3636 not.

547 3671 810 3730 Florem
853 3670 1009 3730 Ast.
1059 3670 1250 3745 (Volt.
1297 3688 1355 3729 n.
1389 3669 1574 3748 1235)
1605 3669 1776 3747 Oriq.

214 3848 359 3928 952.
1857 3865 2153 3936 volterra,
2199 3868 2281 3927 27
2320 3868 2467 3928 παι(
2507 3868 2686 3929 1291.

339 3966 402 4025 A
419 3986 482 4025 m
499 3964 570 4024 a}
587 3965 702 4025 ric
723 3984 762 4025 u
779 3984 810 4025 s
852 3966 1316 4042 primogenitus
1357 3964 1641 4041 Amerigi
1693 3965 1737 4024 d
1753 3984 1788 4023 e
1849 3962 1913 4023 N
1929 3984 1963 4022 e
1978 3983 2010 4023 r
2024 3963 2065 4023 b
2084 3984 2123 4024 o
2138 3984 2179 4024 n
2196 3985 2254 4037 a,
2313 3966 2685 4043 capitaneus

215 4066 503 4125 militurn
545 4064 698 4124 talie
738 4064 1064 4124 societatis
1106 4063 1350 4131 Tuscie‚
1395 4064 1734 4123 constituit
1775 4061 2071 4122 Riccium
2114 4062 2553 4124 Ildebrandini
2605 4064 2684 4125 de

214 4162 395 4222 Vult.
425 4166 785 4239 presentem
813 4165 1293 4239 procuratorem
1321 4160 1406 4221 ad
1433 4160 1785 4238 petendum
1815 4163 1882 4219 et
1909 4160 2343 4237 recipiendum
2366 4180 2407 4221 a
2432 4180 2686 4221 camera

371 4394 412 4457 ¹)
451 4392 678 4441 Thome.
753 4392 833 4440 Er
868 4394 1030 4441 stand
1068 4409 1136 4441 zu
1168 4392 1409 4442 Volterra
1445 4392 1508 4440 in
1544 4406 1715 4454 enyo-n
1752 4391 2145 4453 Beziehunqen,
2186 4392 2258 4441 da
2295 4406 2349 4441 er
2385 4392 2545 4441 Prior
2582 4408 2685 4443 von

219 4481 614 4543 Montalpruno
652 4481 766 4530 und
804 4480 1244 4530 Domkanonilcer
1285 4496 1386 4529 von
1433 4480 1674 4529 Volterra
1711 4495 1948 4542 qewesen
1980 4496 2107 4539 war,
2146 4480 2287 4529 siche
2324 4480 2457 4529 oben
2479 4496 2531 4531 n.
2566 4484 2683 4541 740,

217 4570 391 4620 Eubel
425 4569 524 4617 sub
561 4570 710 4619 verbo
749 4568 966 4629 Pialeia
1005 4570 1116 4617 und
1143 4569 1464 4617 Davideohn
1491 4568 1876 4629 Forschunyen
1903 4568 1975 4617 II
2005 4570 2107 4617 236
2133 4584 2186 4617 n.
2218 4570 2371 4619 1801.
2485 4570 2529 4632 ’·)
2552 4570 2687 4619 olei-

215 4660 350 4709 chen
384 4658 599 4707 Inhalce
635 4658 737 4706 wie
771 4658 906 4707 oben
942 4672 995 4706 n.
1038 4658 1156 4706 933.
1341 4658 1386 4721 ³)
1431 4656 1626 4717 Weqen
1676 4656 1766 4705 des
1803 4657 2063 4705 zwischen
2104 4656 2325 4706 Flore-uz
2364 4658 2480 4707 und
2523 4658 2680 4717 Pisa,
