3817 5642
916 564 1359 622 mTUM
1396 564 2082 620 VOLATERRANUM
2612 569 2722 622 209

266 761 437 820 inter
480 759 741 822 Ghelfos
785 768 849 822 et
892 759 1284 822 Ghibellinos
1312 762 1609 824 Aretinos
1635 782 1857 841 pacem
1898 763 1984 824 ad
2009 771 2224 842 partes
2250 764 2388 824 illas
2419 765 2720 842 destinet,

262 857 583 918 auxilium
625 863 881 937 prestet.
968 879 995 916 e
1017 859 1175 919 Cum
1218 877 1297 920 ex
1338 858 1719 920 discordia».
1806 861 1953 922 Dat.
2001 861 2248 942 Perusii
2289 860 2382 922 VI
2424 863 2506 922 id.
2549 883 2720 938 now,

262 959 447 1032 pont.
494 954 714 1017 VIIII.
1320 969 1325 974 ’

596 1053 753 1115 Volt.
800 1053 1039 1114 AVesc.
1090 1072 1137 1112 ε.
1182 1051 1372 1112 XIII
1425 1053 1549 1114 dec.
1595 1053 1634 1114 6
1687 1074 1751 1114 n.
1795 1054 1875 1114 12
1929 1053 2097 1132 Oriy.
2147 1055 2357 1130 (Bulla
2409 1057 2719 1134 verloren).

589 1151 772 1212 Liber
809 1152 1051 1212 iuriam
1091 1150 1147 1211 1'
1185 1151 1282 1212 cit.
1331 1152 1935 1229 (missversu'indlich)
1961 1157 2027 1231 ¹).

262 1305 387 1366 637
1703 1303 1999 1380 Peruqia,
2043 1305 2126 1366 22
2164 1305 2500 1366 November
2539 1307 2720 1369 1251.

388 1401 935 1462 Innocentius
962 1401 1056 1460 IV
1076 1419 1178 1479 ep.
1222 1400 1519 1460 Massano
1544 1405 1611 1476 ²).
1696 1399 1968 1462 Petente
1995 1401 2200 1462 electo
2219 1401 2394 1464 Vult.
2429 1403 2716 1478 mandat,

258 1498 577 1578 quatinus
628 1500 938 1576 inquisita
990 1498 1335 1558 summarie
1382 1498 1515 1557 sine
1569 1497 1788 1558 iudicii
1842 1499 2120 1576 strepitu
2177 1501 2452 1560 veritate
2501 1499 2718 1562 Guini-

257 1597 432 1657 sium
481 1599 551 1657 et
589 1595 969 1676 Vigorosum
1010 1596 1184 1655 cives
1224 1600 1293 1654 et
1338 1600 1724 1656 mercatores
1776 1593 2086 1656 Senenses
2128 1603 2500 1668 asserentes,
2544 1599 2717 1677 quod

258 1694 323 1754 b.
372 1713 461 1753 m.
509 1693 859 1773 Reganus)
901 1691 1078 1753 Vult.
1122 1699 1221 1770 ep.
1264 1699 1547 1752 castrum
1589 1691 1671 1751 de
1710 1691 2106 1753 Montalcino
2160 1693 2287 1754 sibi
2339 1696 2718 1774 oppignora-

258 1793 453 1861 verin
496 1797 565 1850 et
603 1797 887 1850 castrum
929 1789 1312 1860 detinenteS,
1356 1789 1505 1850 licet
1546 1809 1626 1850 ex
1668 1808 1746 1850 eo
1786 1791 2186 1870 perceperint
2241 1792 2418 1853 ultra
2457 1799 2716 1862 sortem,

258 1889 347 1950 ad
374 1891 515 1949 eius
542 1887 1017 1949 restitutionem
1046 1906 1187 1948 com
1198 1887 1407 1966 pellat.
1490 1906 1521 1946 ι
1540 1886 1669 1948 Sua
1697 1887 1883 1948 nobis
1902 1907 1950 1948 t.
2036 1889 2191 1948 Dat.
2225 1889 2466 1949 Perusii
2497 1889 2561 1950 X
2590 1890 2718 1952 kal,

254 1986 423 2054 dec.,
467 1992 650 2064 pont.
694 1983 915 2048 VIIII.

590 2083 745 2145 Volt.
780 2082 1018 2144 AVesc.
1048 2101 1096 2142 s.
1128 2081 1317 2141 XIII
1344 2083 1463 2142 dec.
1496 2082 1536 2142 6
1558 2101 1621 2142 n.
1654 2083 1735 2143 13
1760 2083 1930 2160 Θήρ.
1966 2083 2175 2158 (Bulla
2201 2083 2514 2160 verloren).
2541 2085 2720 2146 Liber

586 2182 825 2240 iuriam
867 2180 925 2240 1'
964 2181 1061 2240 cit.

258 2280 404 2340 638.
722 2315 731 2324 -
1755 2279 2050 2354 Ρρντιςία,
2093 2279 2132 2338 4
2172 2279 2496 2340 December
2534 2277 2712 2342 1251.

380 2377 931 2438 Innocentius
971 2377 1078 2438 IV
1120 2374 1347 2436 abbati
1388 2375 1467 2436 de
1510 2375 1685 2437 Rota
1727 2377 1903 2437 Aret.
1947 2376 2109 2437 dioc.
2197 2376 2501 2438 Precibus
2527 2377 2713 2439 electi

252 2473 439 2536 Vult.
484 2473 773 2546 mandat,
816 2475 1141 2553 quatinus,
1186 2474 1243 2532 si
1282 2491 1621 2534 commune
1648 2471 1793 2534 Sen.
1822 2493 1972 2534 eum
1997 2473 2338 2551 impediat,
2368 2476 2718 2552 quominus

250 2574 325 2634 in
364 2573 639 2634 civitate
676 2577 743 2634 et
782 2571 949 2632 dioc.
993 2571 1169 2633 Vult.
1211 2571 1457 2632 iuribus
1496 2579 1565 2632 et
1602 2571 2042 2632 iurisdictione
2083 2577 2330 2644 utatur,
2379 2571 2580 2634 abbas
2605 2591 2714 2634 eos

248 2670 623 2749 compellat,
668 2668 843 2748 quod
882 2670 1219 2742 desistant,
1264 2688 1377 2748 per
1416 2671 2146 2732 excommunicationem
2187 2669 2256 2730 in
2296 2687 2602 2748 personas
2645 2677 2716 2732 et

247 2767 675 2828 interdictum
713 2768 783 2828 in
821 2767 1176 2840 civitatem,
1233 2767 1537 2843 quociens
1590 2769 1984 2843 oportunum
2040 2765 2255 2826 fuerit.
2361 2785 2390 2826 «ι
2413 2767 2714 2828 Precibus

247 2865 475 2926 dilecti
498 2884 544 2924 ο.
627 2863 783 2924 Dat.
826 2863 1069 2924 Perusii
1110 2863 1185 2924 11
1224 2881 1372 2924 non.
1414 2863 1573 2936 dec..
1614 2870 1798 2942 pont.
1841 2863 2070 2926 VIIII.

586 2961 741 3023 Vou.
784 2961 1024 3023 AVesc.
1086 2981 1133 3022 s.
1177 2959 1368 3022 XIII
1408 2961 1529 3022 dec.
1574 2961 1615 3021 6
1667 2980 1729 3021 π.
1772 2961 1854 3021 14
1895 2961 2068 3038 Oriy.
2131 2960 2340 3034 (Baua
2393 2961 2710 3036 verloren).

580 3059 761 3120 Liber
801 3061 1045 3120 iuriam
1082 3060 1123 3120 2
1164 3061 1261 3120 cit.
1388 3059 1503 3120 Ed.
1546 3058 1769 3120 Giachi
1800 3065 1817 3092 ¹
1860 3060 1978 3119 171
2007 3085 2088 3114 =
2121 3065 2140 3090 ¹¹
2169 3057 2311 3120 487.

248 3202 389 3262 639.
1814 3198 2109 3275 Peruqia,
2155 3199 2196 3258 5
2234 3199 2491 3260 Januar
2530 3201 2707 3262 1252.

373 3298 925 3359 Innocentius
982 3296 1089 3358 IV
1131 3295 1355 3355 abbati
1412 3301 1477 3355 ct
1533 3297 1883 3356 conventui
1940 3315 1990 3355 s.
2036 3295 2203 3356 Iusti
2259 3303 2326 3356 et
2366 3297 2713 3358 Clementis

238 3417 453 3478 prope
482 3396 659 3456 Vult.
730 3394 1054 3467 Concedit,
1082 3400 1161 3454 ut
1189 3393 1275 3454 ad
1316 3392 1851 3454 contribuendum
1894 3395 1966 3453 in
2004 3393 2286 3454 collectis
2333 3393 2708 3472 legatorum,

244 3497 651 3558 nuntiorum.
696 3493 1177 3554 diocesanorum
1220 3493 1342 3554 nisi
1380 3511 1497 3571 pro
1536 3499 1723 3570 parte
1765 3499 1834 3553 et
1874 3493 2298 3555 facultatibus
2351 3495 2709 3574 proportio-

242 3592 511 3655 nalibus
538 3591 831 3670 compelli
859 3611 983 3652 non
1016 3591 1283 3668 possint,
1315 3595 1567 3652 statuto
1600 3590 1695 3650 vel
1730 3590 2196 3651 consuetudine
2226 3610 2354 3651 non
2385 3590 2706 3652 obst-ante.

246 3692 405 3751 Dat.
451 3689 701 3750 Perusii
740 3709 891 3750 non.
934 3689 1081 3759 ian„
1122 3694 1305 3767 pont.
1350 3687 1572 3748 VIIII.

583 3786 738 3847 Volt.
784 3785 1092 3846 AMunic.
1142 3783 1401 3861 (Radia)
1450 3785 1599 3862 Req.
1645 3805 1690 3845 s.
1736 3785 1988 3846 XVIII
2035 3787 2104 3845 in
2148 3783 2551 3846 Gherardinis
2594 3785 2708 3845 Oo-

578 3884 883 3961 pialbuch.
914 3883 1084 3960 Oriq.
1132 3883 1418 3942 verloren.

398 4063 440 4126 ¹)
477 4069 491 4089 ‘
514 4063 827 4112 Innocentii
862 4061 945 4110 IV
978 4077 1147 4126 super
1180 4061 1431 4110 subsidio
1466 4061 1700 4110 militari
1738 4061 2118 4126 impendendo
2161 4077 2258 4124 per
2297 4061 2598 4123 quendam
2637 4062 2710 4110 le-

240 4159 449 4216 gatum
470 4151 775 4216 apostolice
796 4151 945 4200 sedis
967 4131 1229 4215 episcopo
1253 4150 1405 4198 Vult.
1431 4155 1490 4199 et
1516 4150 1747 4198 Aretino
1768 4149 1798 4199 ’.
1832 4138 2100 4212 Ubriqem
2124 4149 2251 4198 sind
2284 4149 2395 4198 dae
2421 4149 2706 4198 Schrevhem

240 4243 337 4292 dee
376 4241 609 4303 Papam
646 4247 659 4267 ⁴
678 4245 877 4290 contra
912 4240 1193 4304 quendam
1230 4238 1461 4288 Nerium
1498 4239 1883 4288 Piccholinum
1924 4243 2324 4302 occupatorem
2359 4240 2546 4288 castri
2584 4239 2710 4288 Pul-

240 4329 399 4380 ciani
418 4328 433 4349 ’
461 4329 575 4378 und
597 4328 685 4377 die
719 4327 1035 4392 zuqehoriqe
1070 4327 1261 4376 littera
1296 4327 1617 4377 executoria
1652 4341 1729 4376 an
1763 4327 1869 4376 den
1904 4326 2070 4376 Prior
2107 4341 2208 4374 von
2247 4325 2576 4384 Gamaldoli,
2615 4327 2705 4375 die

240 4419 339 4468 der
390 4417 552 4466 Εἶδον
580 4416 795 4466 {urium
827 4415 1026 4464 ebenda
1062 4416 1252 4474 citiert,
1289 4415 1539 4465 ver-Ioron.
1750 4415 1794 4480 ²)
1834 4415 2084 4464 Nicolao.
2125 4413 2418 4464 Guim‘oius
2455 4415 2570 4464 und
2612 4413 2702 4464 Vs·-

240 4521 473 4570 qoroaus
508 4505 777 4554 C'n‘uadim'
811 4519 989 4553 waren
1025 4503 1233 4553 Glieder
1267 4503 1361 4552 der·
1396 4503 1587 4553 Firma
1628 4503 1956 4560 Mariscotti‚
1983 4503 2118 4552 oben
2141 4519 2194 4552 n.
2229 4505 2348 4553 517,
2431 4503 2706 4554 Vielleiom

240 4596 433 4660 μολόν-ε
470 4593 531 4643 in
553 4593 697 4644 dicae
721 4593 839 4642 Zeia
862 4593 955 4642 der
977 4591 1134 4641 Iaber-
1161 4591 1364 4640 iuriam
1393 4587 1439 4640 1‘
1463 4592 1658 4640 citierte
1687 4591 1947 4640 verlorene
1989 4591 2142 4652 Bria!
2179 4607 2282 4641 von
2306 4593 2581 4641 Innocens
2611 4594 2648 4641 I
2655 4591 2700 4640 V

243 4683 363 4732 ‘ad
399 4683 682 4747 quendam
722 4681 1023 4731 Zilfredum
1060 4681 1320 4730 Alisonsii
1356 4682 1537 4729 civem
1578 4681 1699 4730 Sen.
1742 4685 2137 4742 occupatorem
2178 4681 2358 4729 castri
2404 4679 2476 4730 de
2528 4681 2707 4742 Lugu-

242 4775 410 4823 riano
448 4773 804 4836 episcopatus
842 4769 1099 4848 predicti,
1138 4769 1419 4818 MCCXLI
1442 4768 1453 4790 ’
1486 4769 1568 4834 (!).

474 4965 539 5014 14
