3817 5642
915 517 1361 573 REGESTUM
1399 517 2084 572 VOLATERRANUM
2664 516 2735 570 33

265 734 408 775 voc.
452 734 557 795 gg.
600 713 646 774 f.
693 713 754 774 b.
803 733 887 772 m.
932 711 1207 774 Iohanni
1249 713 1358 792 qui
1405 711 1664 772 Bonitio
1721 731 1860 772 voc.
1920 731 2027 772 seu
2091 710 2308 772 Uuido
2362 717 2429 772 et
2472 711 2733 774 Reintio

265 831 371 893 gg.
414 813 460 872 f.
507 811 570 871 b.
602 831 689 872 m.
718 811 910 872 Atitii
939 809 1152 891 adque
1194 809 1456 870 Raineri
1499 807 1546 868 f.
1580 807 1642 868 b.
1695 828 1779 868 m.
1823 808 2039 870 Teutii
2082 808 2317 870 barbas
2358 816 2426 870 et
2467 815 2733 888 nepotes

265 929 416 970 casa
458 911 525 971 in
566 909 706 971 loco
747 915 816 970 et
869 907 1074 969 fundo
1129 906 1462 977 Flabiano,
1519 924 1646 984 que
1688 925 1735 966 r.
1791 906 1921 968 fuit
1970 925 2082 984 per
2129 906 2405 967 Iohanni
2447 908 2559 986 qui
2608 907 2737 967 Bo-

265 1008 430 1067 nitio
473 1025 612 1067 voc.
656 1012 725 1066 et
766 1005 960 1067 modo
999 1025 1113 1082 per
1155 1023 1270 1064 vos
1313 1005 1649 1082 germanie,
1693 1004 1931 1065 barbas
1972 1009 2038 1064 et
2080 1010 2369 1083 nepot-ee,
2404 1006 2732 1082 pertinens

261 1105 346 1165 de
387 1109 568 1165 curte
608 1124 659 1163 s.
704 1103 968 1182 Mangni
1012 1121 1128 1180 pro
1167 1120 1388 1163 annua
1425 1121 1604 1178 pens.
1649 1104 1714 1162 in
1756 1102 1906 1163 fest.
1939 1121 1987 1162 s.
2022 1101 2220 1162 Marie
2262 1103 2329 1160 in
2360 1108 2601 1182 ,agusto
2646 1103 2730 1163 ad

263 1209 446 1264 curte
475 1223 524 1262 ε.
550 1203 862 1282 Manngni
887 1199 1215 1262 reddenda
1243 1219 1376 1279 arg.
1409 1200 1556 1260 den.
1587 1199 1858 1260 duodeci
1889 1199 1951 1260 b.
1985 1219 2129 1278 exp.
2161 1199 2370 1278 qualis
2394 1220 2507 1278 per
2528 1207 2727 1280 temp.

262 1321 344 1372 0.;
389 1300 520 1361 duo
565 1302 769 1362 vicem
813 1301 878 1361 in
921 1318 1092 1358 anno
1127 1298 1212 1358 ad
1255 1303 1438 1358 curte
1481 1298 1696 1358 venire
1736 1296 2021 1370 debetis3
2058 1317 2206 1374 pen.
2250 1317 2382 1378 arg.
2428 1299 2539 1359 sol.
2586 1297 2726 1374 LX,

262 1397 412 1458 Act.
455 1398 594 1460 ioco
650 1397 1027 1460 Colletanuli
1085 1396 1412 1458 territurio
1454 1395 1917 1456 voloterrense.
2043 1394 2431 1457 Benedictus
2487 1416 2587 1475 ep.
2644 1417 2725 1458 ss,

262 1495 325 1556 S.
371 1515 458 1554 m.
503 1495 784 1556 Eriberti
825 1514 935 1556 seu
981 1493 1184 1554 Ilditii
1239 1511 1342 1573 gg.
1388 1494 1523 1553 sive
1564 1491 1764 1554 Uuidi
1807 1498 1872 1552 et
1918 1493 2161 1554 Reintii
2212 1493 2425 1573 adque
2466 1495 2729 1556 Raineri

263 1591 498 1653 barbas
539 1599 608 1653 et
655 1599 941 1670 nepotes,
1001 1591 1180 1652 Petri
1219 1591 1268 1652 f.
1314 1590 1376 1650 b.
1423 1610 1507 1650 m.
1553 1591 1911 1652 Sunderadi
1956 1597 2035 1651 tt.
2082 1591 2477 1652 Uualbertus
2518 1599 2599 1653 tt.
2644 1612 2725 1654 ss.

261 1689 324 1750 S.
373 1710 458 1749 m.
519 1690 693 1750 Petri
747 1689 794 1750 f.
843 1688 1182 1750 Adalberti
1223 1695 1359 1750 not.
1447 1687 1814 1750 Gherardus
1858 1695 1994 1751 not.
2041 1691 2173 1768 inp.

593 1787 750 1850 Volt.
797 1787 1037 1850 AVeec.
1081 1807 1132 1847 ε.
1176 1786 1243 1847 X
1282 1787 1406 1848 dec.
1439 1787 1479 1848 8
1505 1808 1569 1847 n.
1601 1786 1642 1847 6
1682 1787 1853 1866 Oriq.

259 1983 358 2042 89.
1875 1981 2099 2053 bucca,
2142 1982 2221 2041 11
2264 1981 2543 2042 Februar
2582 1979 2721 2041 998.

381 2077 542 2138 Otto
585 2079 716 2156 inp.
759 2076 806 2137 f.
850 2076 913 2138 b.
960 2097 1043 2137 m.
1089 2076 1331 2139 Ottone
1371 2081 1526 2157 inp„
1571 2098 1774 2156 nepus
1803 2077 1866 2138 b.
1899 2098 1985 2138 m.
2017 2079 2303 2156 itemque
2333 2077 2605 2139 Otmni'
2588 2096 2719 2156 mp.

303 2175 454 2246 .‚11
499 2175 607 2236 III
647 2176 735 2237 id.
776 2175 928 2244 feb.
973 2176 1106 2237 ind.
1151 2176 1272 2237 XI.
1379 2177 1869 2238 Venerando
1924 2176 1971 2237 f.
2024 2175 2085 2236 b.
2131 2195 2216 2236 m.
2261 2175 2627 2236 Dominichi
2682 2195 2723 2235 a

257 2275 718 2336 Benedicto
759 2294 859 2353 ep.
890 2273 1202 2336 Voloterr.
1251 2274 1357 2336 lib.
1401 2277 1538 2336 iure
1577 2277 1788 2354 recepi
1817 2277 2060 2353 petiam
2089 2275 2170 2335 de
2198 2279 2369 2335 terra
2397 2293 2544 2332 cum
2572 2293 2724 2334 casa

254 2372 430 2434 foras
451 2373 842 2452 [civitatem]
872 2372 1024 2432 Luc.
1050 2391 1248 2451 prope
1269 2373 1655 2453 [ecclesiam]
1678 2392 1726 2432 s.
1753 2372 2015 2433 Gervasi
2040 2384 2105 2432 et
2126 2372 2380 2432 Protesi
2399 2373 2719 2449 perbinen-

253 2478 392 2532 tem
434 2473 834 2551 episcopatui
876 2471 1114 2544 Volot„
1157 2475 1488 2531 tenentem
1531 2473 1598 2531 in
1641 2473 1746 2531 via
1788 2469 2066 2550 publica,
2111 2472 2176 2530 in
2234 2475 2405 2532 terra
2458 2469 2568 2548 qd.
2599 2470 2644 2548 [.
2666 2514 2678 2527 .
2702 2516 2715 2528 .

257 2611 270 2622 .
293 2617 306 2628 .
329 2570 378 2649 .]
407 2572 472 2645 ¹),
517 2570 583 2629 in
625 2574 797 2629 terra
836 2570 1232 2647 episcopatui
1273 2568 1513 2641 Volot.,
1556 2571 1621 2631 in
1650 2575 1821 2630 terra
1848 2569 2353 2648 Teutpertinghe
2380 2568 2716 2640 infantulo,

253 2686 372 2744 pro
415 2685 592 2745 pena.
637 2685 854 2727 annua
893 2669 960 2726 in
989 2665 1135 2726 fest.
1166 2685 1216 2725 a.
1249 2667 1447 2727 Marie
1489 2667 1554 2727 in
1596 2685 1742 2747 aug.
1787 2666 2096 2729 solvenda
2122 2687 2255 2746 arg.
2302 2667 2431 2727 din.
2476 2666 2539 2727 b.
2570 2684 2714 2745 exp.

252 2763 506 2836 XXIV3
550 2783 696 2842 pen.
741 2784 872 2843 arg.
915 2763 1030 2824 sol.
1074 2764 1488 2826 duocentum.
1572 2765 1717 2825 Act.
1804 2765 1997 2826 Luca.
2096 2765 2158 2826 S.
2204 2786 2289 2825 m.
2333 2763 2715 2827 venerandi.

250 2861 698 2923 Rodiiamdus.
743 2861 892 2921 Leo.
919 2863 965 2936 2)
1009 2860 1410 2940 Teutpaldus
1437 2862 1629 2923 iudex
1661 2863 1812 2941 imp.
1840 2867 1882 2936 ²)
1930 2863 2159 2923 Petrus
2201 2869 2335 2923 not.
2379 2864 2511 2940 inp.
2545 2864 2589 2940 ²)
2633 2867 2715 2920 tt.
2822 2909 2829 2914 .

249 2979 332 3020 ss,
418 2959 838 3020 Sisemundus
861 2962 910 3037 ⁸)
953 2965 1088 3022 not.
1135 2962 1290 3039 imp.

585 3055 744 3118 Vou.
790 3055 1012 3134 AGwp.
1057 3077 1118 3117 n.
1146 3057 1226 3119 43
1253 3057 1428 3136 Oriq.

247 3251 346 3311 90.
1834 3252 2082 3324 Canale,
2128 3251 2167 3312 9
2204 3252 2531 3314 Dezember
2570 3251 2708 3312 998.

369 3348 531 3410 Otto
573 3350 802 3409 tertius
843 3349 978 3427 inp.
1036 3368 1094 3408 a.
1141 3349 1352 3420 tertio,
1413 3351 1643 3428 quinto
1700 3348 1843 3411 idus
1897 3349 2061 3413 dec..
2119 3351 2250 3411 ind.
2306 3351 2708 3412 duodecima.

247 3445 756 3507 Benedictus
799 3446 1012 3507 Volot.
1057 3465 1158 3524 ep.
1203 3445 1312 3508 lib.
1358 3466 1530 3508 nom.
1581 3447 1667 3508 do
1713 3447 1993 3509 Petrof.
2040 3448 2102 3509 b.
2136 3469 2219 3508 m.
2246 3448 2494 3528 Alperti
2521 3452 2709 3526 quat-

247 3550 398 3604 tuor
437 3544 601 3604 casis
641 3550 709 3605 et
749 3544 1012 3604 cassinis
1054 3562 1164 3605 seu
1210 3546 1610 3618 massariciis,
1651 3564 1784 3605 una
1811 3547 1877 3606 in
1906 3546 2045 3607 loco
2074 3546 2273 3606 Asilla
2312 3566 2513 3624 prope
2556 3546 2708 3607 villa

244 3640 324 3700 de
371 3641 644 3713 Allian0,
690 3641 882 3702 modo
923 3660 973 3701 r.
1017 3661 1132 3719 per
1171 3641 1439 3702 St-efano
1480 3661 1690 3713 mass„
1737 3643 2023 3706 secunda
2064 3644 2129 3704 in
2174 3644 2441 3715 Allian0,
2488 3663 2536 3704 r.
2580 3642 2707 3702 fuit

244 3755 359 3813 per
400 3737 512 3816 qd.
558 3736 818 3798 Bonitio
859 3742 926 3798 et
969 3737 1163 3798 modo
1190 3757 1304 3816 per
1330 3735 1608 3810 OunitiO,
1637 3738 1940 3810 Martium
1972 3738 2201 3800 Petrus
2236 3739 2601 3802 Chinchello
2628 3739 2709 3799 de

243 3833 520 3907 Suiano;
565 3837 760 3896 tertia
801 3841 869 3896 et
908 3841 1143 3914 quarta
1186 3836 1248 3894 in
1293 3835 1555 3908 Collina,
1598 3855 1732 3896 una
1771 3856 1822 3896 r.
1867 3856 1982 3914 per
2022 3837 2341 3898 Iohannes
2367 3837 2412 3896 f.
2448 3837 2707 3897 Alsinde

243 3938 310 3992 et
351 3931 715 4005 DominicO‚
759 3933 886 3994 alia
928 3953 978 3994 r.
1021 3933 1151 3994 fuit
1175 3953 1290 4012 per
1330 3933 1438 4011 qd.
1484 3932 1790 3994 Bertaldo
1833 3940 1900 3994 et
1942 3935 2135 3995 modo
2189 3954 2303 4012 per
2355 3936 2380 4014 [
2388 3981 2577 3995 ......
2584 3935 2609 4014 ]
2636 3938 2701 4012 ¹),

242 4047 360 4106 pro
381 4049 576 4091 censu
605 4031 674 4090 in
693 4050 841 4110 aug.
866 4030 1012 4093 den.
1037 4030 1101 4092 b.
1125 4051 1270 4111 exp.
1295 4033 1502 4112 qualis
1526 4052 1636 4111 pre
1658 4039 1856 4111 temp.
1889 4051 1948 4092 o.
1980 4031 2411 4112 quadraginta
2440 4039 2505 4092 et
2534 4039 2701 4106 octo;

241 4145 390 4206 pen.
435 4146 569 4208 arg.
613 4129 728 4190 sol.
771 4136 1032 4190 centum
1071 4132 1320 4209 viginti.
1405 4131 1550 4191 Act.
1595 4131 1660 4191 in
1704 4131 1841 4191 loco
1884 4137 1953 4191 et
1992 4131 2228 4190 finibus
2258 4132 2476 4194 Casale
2505 4149 2704 4210 prope

242 4224 507 4286 castello
527 4225 766 4287 Sancto
790 4225 1170 4290 Geminiano
1191 4230 1395 4290 verrit.
1426 4229 1639 4291 Volot.
1727 4227 2115 4289 Benedictus
2137 4249 2235 4306 ep.
2260 4229 2489 4289 Petrus
2511 4235 2591 4288 tt.
2617 4249 2699 4288 ss.

241 4321 302 4383 S.
334 4343 424 4384 m.
454 4323 789 4386 Adalberti
833 4345 959 4405 que
998 4327 1189 4388 Actio
1231 4347 1292 4386 v.
1336 4327 1382 4388 f.
1427 4327 1490 4388 b.
1536 4347 1623 4388 m.
1666 4325 2037 4388 Adebrandi
2079 4332 2159 4386 tt.
2204 4326 2529 4387 Uuillelmi
2556 4326 2602 4387 f.
2634 4326 2697 4387 b.

388 4548 430 4609 ¹)
467 4548 654 4599 Βανα-
693 4548 876 4600 Reum
921 4553 1017 4613 fiir
1053 4553 1154 4602 den
1191 4553 1421 4603 Nomen.
1573 4553 1614 4616 ²)
1649 4554 1953 4616 Verqlet’che
1990 4553 2157 4606 Mem.
2199 4568 2226 4604 e
2262 4554 2389 4605 Dee.
2428 4554 2488 4604 di
2522 4554 2699 4604 Lacca

241 4636 322 4687 IV
365 4637 474 4686 2».
507 4639 568 4688 71
594 4639 654 4701 ff.
800 4637 843 4700 ⁰)
888 4629 1028 4690 Uber
1059 4640 1368 4701 somna,
1406 4641 1616 4692 Bruder
1652 4641 1743 4693 dee
1765 4642 2017 4706 Bischofo
2040 4643 2333 4694 Ildebrand
2370 4659 2471 4693 von
2510 4642 2696 4703 Sioua,

239 4724 378 4774 siche
417 4725 584 4776 Mem.
625 4741 654 4776 ο
689 4727 816 4778 Doc.
855 4727 914 4777 ds·
949 4729 1128 4780 Lucoa
1161 4730 1250 4780 IV
1290 4735 1322 4784 2
1358 4747 1413 4781 n.
1455 4734 1538 4782 85.

455 4867 486 4916 3
