3817 5642
1045 547 1116 598 14
1691 543 2137 598 REGESTUM
2178 541 2861 596 VOLATERRANUM

1027 747 1108 801 et
1149 759 1249 800 ree
1291 759 1480 800 mass.
1489 759 1690 819 ‚quas
1731 739 1941 800 habeo
1982 737 2149 800 infra
2190 740 2503 799 comitato
2542 743 2611 798 et
2652 737 2979 798 territurio
3006 735 3221 798 Volet.
3263 738 3331 796 in
3360 735 3503 796 ma-

1039 837 1252 910 biano‚
1297 837 1492 898 modo
1531 857 1582 896 r.
1623 857 1740 915 per
1778 835 2067 908 Stefan03
2108 856 2256 914 pen.
2296 835 2499 914 dupli.
2584 837 2732 896 Act.
2776 835 2953 894 intus
3000 836 3269 895 civitate
3310 834 3503 894 Volo·

1039 938 1360 996 terrensis.
1443 933 1507 997 S.
1549 955 1636 996 m.
1681 934 2061 996 Ildibrandi.
2106 933 2377 1064 Adelmo
2416 939 2498 994 tt.
2540 951 2622 993 ee.
2652 933 2768 1012 [...
2790 933 2835 1013 .]
2862 935 2928 1010 ¹.)
3010 931 3239 992 Petrus
3266 939 3405 994 not.
3436 941 3499 992 et

1041 1034 1232 1094 iudex
1273 1035 1406 1112 inp.

1371 1131 1532 1192 Vola.
1579 1131 1800 1208 ACap.
1843 1149 1908 1191 π.
1940 1131 2021 1191 19
2046 1129 2219 1206 Θήρ.

1037 1327 1140 1386 44.
2516 1325 2810 1396 Volterra,
2854 1325 2937 1386 22
2974 1323 3321 1402 September
3360 1325 3499 1386 968.

1159 1423 1322 1486 Otto
1377 1413 1531 1502 imp.
1574 1443 1634 1484 a.
1681 1423 1794 1494 VI,
1839 1423 1904 1484 X
1948 1423 2075 1482 kal.
2120 1429 2269 1492 oet„
2314 1421 2447 1482 ind.
2492 1421 2613 1482 XI.
2698 1422 3111 1484 Arnoidus
3156 1414 3499 1483 archidiae.

1030 1520 1336 1581 custodes
1373 1521 1489 1582 eol.
1535 1540 1586 1580 e.
1617 1521 1961 1583 octabiani
2004 1539 2117 1598 per
2154 1538 2534 1581 eonsensum
2576 1519 2983 1580 sacerdotum
3016 1539 3159 1580 ean.
3186 1518 3473 1580 fratum²
3480 1525 3499 1594 )

1039 1637 1326 1680 meorum
1381 1637 1490 1680 seo
1543 1619 1744 1680 levita
1806 1618 1917 1679 lib.
1980 1638 2153 1680 nom.
2216 1619 2405 1678 firmo
2458 1617 2839 1678 Venerando
2896 1617 3123 1678 elerico
3180 1616 3228 1678 f.
3285 1617 3345 1678 b.
3412 1609 3497 1678 m'.

1033 1715 1352 1778 Grimaldi
1393 1717 1644 1777 cassina
1685 1735 1794 1778 seo
1833 1717 2084 1794 integra
2124 1723 2297 1777 sorte
2340 1718 2405 1776 in
2446 1715 2589 1776 loeo
2628 1713 2799 1774 Latii
2838 1716 2951 1793 qui
2994 1713 3095 1774 Ad
3122 1733 3305 1775 eruoe
3332 1733 3498 1786 voc„

1035 1833 1236 1892 quam
1281 1815 1544 1876 Bonitio
1583 1814 1648 1875 b.
1693 1835 1779 1876 m.
1821 1815 1904 1875 de
1960 1815 2210 1875 Pieeina
2250 1813 2581 1875 Celenduli
2622 1814 2941 1886 detenuit,
2990 1814 3075 1874 ad
3116 1814 3343 1884 vitam,
3386 1833 3501 1874 seu

1027 1909 1271 1973 Teutio
1311 1919 1376 1972 et
1417 1911 1686 1973 Floritio
1713 1912 1758 1972 f.
1789 1913 1953 1974 Urse
1992 1917 2063 1971 et
2100 1911 2441 1972 heredibus
2468 1912 2601 1972 suis
2628 1930 2747 1990 pro
2771 1930 2992 1972 annuo
3018 1929 3199 1988 pene.
3242 1912 3311 1971 in
3348 1911 3497 1971 fest.

1037 2027 1086 2068 e.
1131 2007 1330 2069 Mai-ie
1371 2010 1436 2070 in
1475 2015 1708 2087 agusto
1747 2009 1834 2070 ad
1875 2009 1989 2069 ecl.
2030 2029 2085 2070 e.
2128 2007 2273 2069 Oet.
2317 2027 2359 2068 a
2400 2027 2547 2087 pars
2582 2009 2781 2086 ipeiue
2806 2007 3161 2068 canonachi
3186 2027 3321 2086 erg.
3348 2007 3497 2067 den.

1025 2105 1306 2166 duodeci
1351 2105 1414 2166 b.
1456 2125 1602 2185 exp.
1647 2106 1856 2184 qualis
1895 2125 2011 2186 per
2040 2113 2239 2184 temp.
2270 2125 2352 2178 0.;
2390 2125 2539 2184 pen.
2581 2123 2713 2184 arg.
2756 2105 2867 2166 sol.
2912 2107 3269 2166 senainta.
3352 2106 3498 2165 Act.

1039 2203 1372 2265 Veliterre.
1458 2202 1778 2265 Arnoldue
1831 2223 1915 2264 ss,
1972 2202 2037 2264 S.
2094 2223 2177 2264 m.
2232 2203 2596 2264 venerandi
2650 2204 2878 2264 elerici.
2962 2203 3177 2264 Teuzo
3228 2222 3311 2264 ss.
3370 2203 3498 2264 An-

1039 2301 1274 2362 eelmus
1317 2302 1512 2361 levita
1555 2309 1623 2362 et
1663 2321 1802 2362 can.
1887 2303 2205 2362 Martinus
2246 2303 2457 2380 presb.
2486 2309 2555 2362 et
2582 2321 2724 2362 ean.
2808 2299 3139 2363 Grasolfus
3176 2301 3386 2379 presb.
3432 2309 3501 2362 et

1026 2417 1179 2458 ean.
1263 2400 1492 2460 Petrus
1535 2399 1742 2478 presb.
1773 2407 1841 2460 et
1869 2419 2012 2460 ean.
2097 2399 2241 2460 Ano
2280 2399 2491 2478 presb.
2524 2397 2825 2460 Albertue
2853 2399 3053 2460 levita
3092 2404 3162 2458 et
3198 2398 3350 2459 ken.
3381 2397 3499 2459 Pe·

1039 2499 1178 2554 trus
1219 2495 1420 2555 levit-a
1461 2503 1530 2556 et
1570 2516 1712 2558 can.
1757 2496 2099 2557 camarino
2142 2497 2340 2558 levita
2382 2503 2451 2557 et
2490 2515 2633 2556 ean.
2664 2515 2746 2556 es,
2832 2495 3139 2556 Berteldo
3177 2502 3314 2555 not.

1369 2591 1518 2654 Vols.
1565 2593 1784 2672 AGap.
1827 2615 1892 2655 n.
1934 2595 2033 2664 32,
2078 2595 2200 2656 983
2222 2598 2301 2669 (l)
2342 2593 2514 2672 Oriq.

1035 2787 1136 2848 45.
2803 2786 3101 2860 Velm-ra,
3143 2787 3193 2847 J
3196 2807 3310 2847 um
3353 2785 3495 2848 969.

1157 2883 1296 2945 Ott.
1343 2884 1472 2962 inp.
1518 2906 1576 2945 a.
1623 2885 1786 2946 VIII
1828 2891 1897 2946 et
1924 2903 2085 2964 eque
2114 2884 2347 2946 Ottof.
2380 2887 2517 2946 eiua
2548 2887 2677 2964 inp.
2706 2905 2767 2946 a.
2800 2885 2887 2958 II,
2920 2885 3150 2956 iunium,
3174 2885 3305 2944 ind.
3332 2884 3493 2946 XII.

1035 2978 1413 3042 Donatus
1453 2980 1646 3042 iudex
1689 2983 1843 3060 inp„
1901 2981 2315 3043 Iohannes
2370 2988 2437 3042 et
2488 2981 3069 3045 Uuilleradof.
3119 2980 3182 3042 b.
3234 3001 3319 3042 m.
3364 2981 3495 3042 Ev-

1037 3079 1254 3140 veradi
1276 3081 1716 3157 promittimus
1745 3081 1939 3141 Petro
1986 3099 2084 3158 ep.
2116 3081 2329 3141 Volot.
2360 3101 2479 3142 noe
2518 3081 2599 3140 de
2640 3079 2885 3141 reditus
2926 3085 2994 3140 et
3032 3079 3495 3141 decimationes

1025 3181 1104 3236 et
1145 3177 1377 3238 offerta
1429 3183 1499 3238 et
1553 3184 1972 3250 mortuorum,
2022 3183 2349 3257 quotquot
2396 3180 2677 3257 pertinet
2730 3177 2817 3238 ad
2868 3175 3057 3255 plebe
3110 3196 3159 3237 s.
3217 3174 3493 3238 Iohanni

1035 3272 1275 3335 batiete
1315 3283 1382 3336 et
1407 3295 1458 3336 e.
1493 3273 1776 3353 Quiliqui
1803 3278 1850 3352 ⁸)
1879 3278 2007 3336 sito
2036 3275 2271 3348 Silan0‚
2302 3295 2427 3354 que
2470 3283 2568 3336 eet
2610 3275 2795 3354 plebe
2836 3275 3211 3348 batismalie,
3254 3293 3387 3335 non
3429 3277 3495 3338 in

1025 3366 1500 3433 damnietatem
1555 3373 1692 3433 fore
1747 3393 1892 3432 eum
1950 3375 2185 3433 nostris
2234 3373 2577 3434 heredibus
2616 3373 2703 3433 da
2742 3391 2893 3452 pars
2934 3372 3197 3433 ecelesia
3250 3379 3491 3445 nostra,

1027 3469 1211 3546 quod
1252 3476 1350 3530 eet
1391 3471 1457 3530 in
1499 3489 1693 3531 onore
1733 3491 1782 3530 e.
1817 3470 2047 3551 Reguli
2075 3477 2143 3530 et
2172 3490 2220 3530 s,
2252 3469 2541 3532 Silvestri
2570 3472 2635 3530 in
2674 3470 2815 3531 loeo
2855 3471 3095 3549 kampo
3134 3469 3495 3532 Roifreduli

1037 3585 1232 3645 prope
1273 3567 1427 3628 villa
1466 3568 1549 3629 de
1591 3568 1929 3647 Ougnan03
1976 3587 2117 3646 pen.
2163 3588 2297 3647 arg.
2341 3569 2455 3628 eol.
2486 3568 2893 3646 quadrainte.
2980 3569 3123 3628 Aet.
3162 3567 3493 3629 Voloterre

1033 3682 1232 3742 prope
1251 3665 1393 3743 ipsa
1433 3666 1716 3726 eeclesia.
1799 3665 2100 3727 Donatus
2140 3665 2333 3727 iudex
2374 3667 2505 3745 inp.
2548 3685 2630 3726 88.
2676 3663 2737 3726 S.
2782 3683 2867 3726 m.
2913 3663 3209 3726 Iohanni.
3252 3665 3493 3726 Uuille-

1033 3761 1192 3822 rado
1233 3781 1314 3823 ee.
1361 3762 1630 3824 Adelmo
1657 3769 1738 3824 tt.
1769 3783 1850 3824 ee.
1881 3764 1945 3826 S.
1978 3784 2062 3825 m.
2092 3763 2435 3826 Uualberti
2461 3763 2507 3824 Ι.
2540 3762 2601 3824 b.
2632 3783 2718 3825 m.
2756 3763 3070 3824 Uuiniildi
3096 3767 3175 3824 tt.
3262 3763 3496 3824 Petrus

1031 3866 1169 3921 not.
1215 3861 1346 3941 inp.

1365 3957 1523 4019 Volt.
1569 3956 1788 4036 AGap.
1831 3979 1896 4019 π.
1940 3959 2061 4020 204
2088 3959 2261 4036 Oriq.

1023 4155 1133 4216 46.
2666 4153 3021 4230 Muqmvw,
3066 4153 3104 4214 7
3142 4153 3310 4214 Jum‘
3349 4152 3491 4213 970

1155 4251 1320 4313 Octo
1375 4253 1528 4331 imp.
1587 4271 1646 4312 a.
1711 4257 1965 4324 octavo,
2023 4250 2153 4313 VII
2208 4251 2293 4313 id.
2356 4253 2509 4322 iun„
2574 4252 2705 4312 ind.
2774 4251 2991 4330 111⁴).
3098 4249 3497 4312 Guinildo

1023 4349 1076 4410 f.
1116 4348 1176 4411 b.
1209 4369 1293 4410 m.
1323 4349 1648 4411 Camerini
1690 4349 2016 4410 venumdo
2056 4349 2321 4430 Hugoni
2362 4349 2717 4410 marchioni
2756 4348 2802 4410 Ι.
2847 4348 2908 4410 b.
2954 4369 3039 4410 m.
3084 4347 3333 4410 Alberti
3374 4356 3499 4427 pro'

1177 4575 1220 4641 ²)
1247 4575 1488 4626 Makron
1514 4573 1929 4636 zeuyermamm
1950 4573 2399 4636 mqyuohnioeen.
2516 4574 2560 4637 ²)
2584 4591 2647 4621 ·.-:
2668 4573 2922 4624 fratrum.
3039 4571 3085 4638 ⁸)
3108 4589 3175 4622 z:
3194 4588 3237 4624 a.
3268 4571 3491 4633 Quin-iai.

1030 4663 1224 4727 δρᾶτον·
1257 4665 1330 4714 ist
1363 4663 1450 4715 die
1484 4664 1632 4727 plebe
1667 4677 1771 4712 von
1803 4661 1979 4712 Rocea
2003 4663 2219 4712 Sina-a
2254 4680 2295 4712 ε.
2322 4663 2763 4714 Bartholomaeus
2796 4661 3027 4726 oeweiht.
3138 4662 3185 4723 ⁴)
3230 4657 3495 4712 veredum

1023 4757 1155 4804 mit
1189 4753 1356 4803 XIII.
