3817 5642
1118 575 1221 632 164
1760 569 2210 625 REGESTUM
2245 568 2570 623 VOLATE
2579 567 2934 623 RRANUM

1108 769 1357 830 litteras
1400 769 1485 828 ad
1528 767 1677 828 abb.
1734 767 1815 828 de
1870 767 2198 844 Martur(i)
2254 771 2322 826 et
2373 765 2741 826 coniudices
2793 766 3244 843 impetrarunt,
3303 769 3378 823 ut
3427 763 3584 841 ipsi,

1111 867 1235 928 nisi
1276 865 1469 927 iidem
1514 867 1603 926 eis
1646 864 2098 926 satisfacerent
2133 863 2302 924 infra
2343 881 2650 932 mensem,
2706 861 2886 924 Vult.
2945 860 3284 922 civitatem
3339 879 3582 938 suppo-

1110 968 1342 1024 nerent
1378 963 1743 1024 interdict0.
1774 961 2218 1034 Postularunt,
2249 968 2328 1022 ut
2355 979 2616 1023 causam
2645 959 2732 1020 ad
2758 959 3122 1038 aliquorum
3151 959 3582 1019 discretorum

1114 1079 1385 1122 examen
1427 1061 1786 1121 remitteret
1828 1077 2036 1139 papa3
2083 1077 2360 1138 cumque
2401 1075 2592 1136 super
2631 1055 2753 1118 hoc
2795 1056 3009 1117 littere
3065 1055 3442 1134 legerentur,
3494 1054 3583 1112 R.

1114 1165 1493 1239 procurator
1532 1158 1843 1238 prepositi
1881 1164 1952 1218 et
1991 1156 2260 1236 capituli
2299 1159 2390 1216 eis
2431 1157 2498 1216 in
2553 1155 2882 1217 communi
2937 1153 3268 1214 audientia
3323 1159 3582 1214 contra·

1112 1256 1333 1319 dicens
1373 1275 1587 1318 coram
1632 1257 1942 1336 magistro
1985 1255 2300 1316 Vernacio
2327 1255 2370 1332 Ι)
2416 1253 2710 1315 auditore
2753 1251 3304 1314 contradictarum
3347 1269 3582 1332 propo·

1110 1355 1245 1416 suit
1270 1372 1352 1416 ex
1386 1353 1677 1426 adverso,
1720 1359 2078 1434 antequam
2107 1357 2470 1432 prestarent
2507 1349 2870 1412 emendam.
2913 1347 3204 1418 Mandat,
3249 1353 3580 1426 quatenus

1114 1453 1387 1532 prestita
1428 1450 1871 1512 satisfactione
1912 1467 2340 1528 expensarum
2367 1454 2437 1508 et
2464 1447 2736 1508 emenda
2763 1465 2954 1526 super
2983 1446 3282 1525 dampnis
3309 1444 3582 1506 manife-

1116 1550 1235 1610 stis
1275 1549 1367 1610 eis
1404 1547 1785 1626 inpendant‚
1828 1565 2024 1626 super
2063 1545 2280 1607 dubiis
2319 1551 2388 1608 et
2427 1543 2508 1606 de
2551 1544 2787 1606 stando
2815 1544 2938 1604 iuri
2975 1547 3232 1621 recepta
3259 1543 3583 1610 cautione,

1118 1645 1609 1717 absolutionem,
1638 1647 1709 1706 in
1738 1645 2000 1725 negotio
2025 1643 2254 1723 previa
2277 1641 2530 1706 ratione
2559 1641 2932 1721 processuri.
3009 1661 3038 1700 (ι
3055 1638 3594 1718 significantibus

1120 1747 1513 1822 potestate».
1600 1741 1757 1802 Dat.
1799 1741 2046 1802 Perusii
2089 1740 2195 1802 111
2239 1759 2389 1802 non.
2433 1739 2608 1812 maii,
2651 1744 2834 1818 pont.
2878 1757 2938 1798 a.
2980 1736 3109 1798 ΙΙΙ.

1438 1837 1703 1902 Florem
1746 1837 1897 1900 Ast.
1946 1837 2137 1914 (Volt.
2193 1858 2256 1900 n.
2317 1837 2464 1914 303)
2520 1837 2691 1914 Oriy.
2751 1835 2968 1912 (Bulla
3021 1853 3109 1896 απ
3161 1833 3590 1910 Hantschnur

1438 1935 1759 2012 ves-lorea).

1122 2131 1261 2190 466.
2762 2127 3062 2205 Peruqia,
3108 2126 3148 2186 9
3189 2127 3238 2186 J
3239 2125 3358 2186 uni
3399 2125 3590 2185 1229.

1242 2225 1771 2298 MOCXXVIIII,
1815 2225 1950 2286 ind.
1995 2225 2085 2298 H,
2119 2227 2173 2285 V
2219 2224 2306 2286 id.
2337 2227 2469 2286 iun.
2557 2224 3203 2286 Bartholomeus
3247 2243 3295 2284 s,
3327 2223 3588 2284 Puden-

1126 2327 1301 2386 tiane
1340 2323 1550 2402 presb.
1597 2323 1771 2384 card.
1814 2322 2076 2384 auditor
2118 2342 2284 2402 pape
2327 2343 2518 2402 super
2571 2343 2766 2385 causa
2820 2325 2989 2384 inter
3047 2323 3434 2402 (Paganum)
3481 2341 3590 2398 ep.

1128 2421 1306 2484 Vult.
1348 2429 1417 2482 et
1458 2419 1714 2482 Andalo
1754 2423 1956 2482 civem
2005 2422 2150 2482 Sen.
2195 2441 2313 2499 pro
2355 2443 2420 2482 se
2463 2429 2530 2482 et
2571 2421 2960 2499 quibusdam
2991 2419 3384 2492 concivibus,
3427 2423 3590 2497 quia

1126 2516 1382 2579 Andalo
1421 2525 1489 2578 et
1531 2519 1631 2577 sui
1673 2514 1825 2578 olim
1869 2523 2097 2578 contra
2139 2537 2238 2596 ep.
2283 2518 2368 2578 ad
2413 2516 2560 2580 abb.
2607 2519 3013 2594 Mart(inum)
3056 2525 3124 2578 et
3165 2535 3315 2578 suos
3363 2519 3594 2577 coniu-

1127 2616 1299 2676 dices
1341 2615 1591 2676 litteras
1633 2634 1735 2694 ap.
1783 2615 2216 2693 impetrarunt
2243 2622 2313 2676 et
2342 2615 2582 2676 iudices
2616 2621 2843 2676 contra
2870 2635 2972 2694 ep.
3002 2617 3592 2686 sententiaverunt,

1128 2732 1228 2792 ep.
1274 2733 1427 2772 vcro
1472 2713 1552 2774 ad
1596 2733 1699 2790 ap.
1746 2713 1962 2772 sedem
2007 2711 2380 2790 appellavit,
2447 2709 2698 2774 Andalo
2741 2712 2827 2773 ad
2869 2711 3028 2774 alios
3086 2714 3325 2774 iudices
3380 2714 3598 2773 tacita

1136 2811 1565 2889 appellatione
1628 2811 1749 2870 ivit
1812 2809 2096 2887 aliasque
2160 2811 2411 2872 litteras
2465 2829 2504 2870 a
2561 2810 2709 2873 sede
2765 2830 2867 2889 ap.
2929 2812 3232 2890 optinuit,
3277 2817 3428 2889 post
3469 2809 3598 2869 hcc·

1130 2927 1349 2973 rursus
1390 2927 1581 2985 super
1623 2907 2058 2985 appellatione
2098 2915 2162 2968 et
2211 2914 2353 2967 toto
2393 2907 2574 2968 facto
2617 2906 2738 2970 alie
2781 2927 2820 2968 a
2874 2910 3026 2969 sede
3081 2927 3184 2986 ap.
3227 2907 3448 2968 littere
3501 2907 3596 2966 ad

1133 3007 1292 3067 alios
1334 3005 1574 3066 iudices
1617 3011 1771 3065 sunt
1812 3004 2102 3076 obtente,
2146 3025 2244 3082 ep.
2305 3013 2528 3066 autem
2583 3008 2884 3066 incautus
2940 3027 3155 3067 coram
3211 3008 3322 3078 eis,
3369 3013 3445 3064 ut
3493 3005 3600 3064 di-

1132 3107 1321 3177 citur,
1365 3101 1543 3164 litem
1588 3109 1993 3164 contestatus
2036 3110 2153 3174 est,
2185 3111 2248 3162 et
2287 3123 2328 3164 a
2368 3102 2692 3166 iudicibus
2735 3125 2775 3165 a
2813 3111 3000 3182 parte
3040 3123 3139 3182 ep.
3184 3105 3416 3164 iterum
3463 3101 3596 3162 fuit

1134 3200 1570 3280 appellatum3
1615 3199 1869 3260 dicente
1915 3219 2082 3260 nunc
2131 3201 2480 3274 amissione,
2525 3221 2738 3261 coram
2797 3201 3253 3262 Bartholomeo
3308 3219 3440 3262 non
3481 3199 3596 3258 de·

1134 3298 1285 3362 bere
1325 3305 1495 3358 stare
1538 3317 1623 3369 se,
1669 3299 1822 3375 quia
1862 3297 1942 3358 lis
1986 3300 2191 3374 primo
2235 3299 2374 3358 aliis
2416 3297 2736 3358 iudicibus
2778 3301 3116 3360 commissa
3157 3305 3224 3359 et
3251 3317 3469 3358 coram
3501 3297 3598 3356 eis

1136 3397 1261 3458 litis
1306 3398 1699 3458 contest-atio
1739 3395 1918 3455 facta
1961 3401 2122 3468 erat,
2163 3429 2240 3439 —
2283 3397 2633 3476 pronuntio
2683 3417 2784 3458 me
2837 3416 3022 3475 posse
3075 3413 3454 3476 cognoscere
3509 3395 3598 3454 de

1136 3495 1346 3571 prima
1386 3491 1818 3571 appellatione
1861 3499 1924 3554 et
1973 3512 2084 3570 per
2141 3513 2534 3571 consequens
2589 3494 2670 3553 de
2714 3501 2856 3553 tota
2903 3497 3192 3570 causa2).
3277 3493 3420 3554 Act.
3473 3491 3600 3551 Pe-

1135 3593 1288 3650 rusii
1332 3591 1397 3649 in
1440 3589 1643 3668 burgo
1684 3612 1731 3649 s,
1792 3591 1966 3650 Petri
2028 3591 2202 3668 apud
2257 3591 2573 3669 hospitale
2627 3611 2675 3651 s.
2736 3591 3066 3670 Sepulchri
3147 3609 3364 3651 coram
3419 3608 3602 3668 mag.

1138 3687 1596 3750 Bartholomeo
1636 3695 1932 3748 avocato,
1979 3689 2206 3750 Lando
2259 3689 2652 3768 camarlingo
2707 3689 2881 3749 card.
2927 3689 3308 3751 Condonato
3365 3687 3600 3746 clerico

1136 3785 1341 3864 plebis
1382 3785 1463 3845 de
1502 3785 1857 3863 Campauli,
1904 3786 2062 3846 aliis.
2149 3785 2492 3848 confertus
2537 3787 2728 3847 iudex
2771 3793 2838 3846 et
2879 3793 3014 3849 not.
3059 3785 3140 3846 de
3183 3785 3480 3846 Pistoria.

1467 3885 1625 3945 Volt.
1674 3885 1911 3946 AVeec.
1957 3904 2006 3962 ,3.
2053 3883 2244 3944 XIII
2286 3885 2406 3946 dec.
2451 3885 2492 3945 3
2531 3904 2596 3944 π.
2641 3885 2724 3945 25
2763 3883 2936 3962 Oriq.

1138 4077 1275 4137 467·
2741 4079 3036 4150 Voltcrra,
3082 4079 3162 4140 17
3201 4077 3252 4139 J
3253 4099 3368 4140 um
3410 4079 3609 4142 1229.

1261 4173 1786 4245 MCCXXVIIIL
1833 4173 2098 4248 ind.11,
2145 4175 2266 4238 XV
2310 4177 2439 4241 kal.
2482 4177 2591 4239 iul.
2677 4178 2784 4238 Pa
2798 4197 3056 4258 ganus
3084 4197 3183 4256 ep.
3219 4177 3416 4241 Vult.
3447 4195 3606 4237 cum

1140 4281 1367 4343 rector,
1410 4274 1623 4342 iudex,
1668 4276 2075 4346 camerarius,
2107 4278 2364 4348 notarii,
2395 4277 2750 4346 consilium,
2781 4295 3054 4336 comune
3079 4276 3276 4336 castri
3311 4274 3516 4336 Sanc
3537 4277 3612 4336 ti

1142 4370 1605 4432 Geminiani
1645 4377 1901 4430 armata
1945 4390 2136 4432 manu
2169 4381 2590 4450 occupassent
2619 4379 2834 4432 castra
2861 4379 2926 4431 et
2957 4373 3140 4432 villas
3167 4374 3614 4450 episcopatum,

1142 4469 1381 4532 scilieet.
1424 4469 1845 4539 Pulicianum,
1893 4469 2304 4546 Ulignanum.
2355 4471 2776 4532 Gambassam
2817 4477 2884 4530 et·
2913 4469 3501 4547 Montetignosolim
3537 4479 3612 4531 et

1288 4684 1331 4747 ι)
1372 4685 1507 4732 1254
1546 4683 1629 4732 bis
1665 4699 1756 4732 vor
1794 4685 1936 4734 1259
1975 4685 2194 4745 Biachoj
2244 4702 2346 4734 von
2398 4686 2599 4747 Reyqio
2647 4687 2920 4736 Calabria.
3141 4685 3184 4746 ³)
3221 4684 3326 4734 Dic
3373 4683 3618 4734 Veroli-tc

1142 4772 1310 4820 dieses
1344 4771 1559 4818 Str-cites
1596 4771 1722 4818 sind
1760 4771 2007 4821 verloren.
