3817 5642
953 558 1400 616 REGESTUM
1437 560 2127 616 VOLATERRANUM

604 654 641 661 .-
670 654 692 661 -
716 655 736 659 —
775 654 917 660 —-——-—-
1059 656 1146 661 -——
1193 656 1351 663 ——-—·—-—·

300 755 450 817 933.
1869 756 2046 829 Rom,
2090 758 2172 819 27
2216 758 2547 819 November
2587 758 2764 820 1286.

425 854 548 915 Ho
564 874 606 915 n
623 854 846 915 orius
887 853 996 914 IV
1023 854 1368 932 Raynaldo
1396 874 1536 915 can.
1567 854 1850 917 Senensi.
1936 856 2176 917 Narrat
2202 875 2269 916 se
2295 856 2567 927 audisse,
2592 858 2767 935 quod

301 952 722 1031 (Raynerius)
781 971 877 1030 ep.
922 951 1098 1013 Vult.
1143 958 1212 1012 et
1263 952 1738 1031 predecessores
1789 952 1962 1015 bona
2016 953 2101 1014 ad
2142 974 2238 1032 ep.
2283 973 2573 1034 mensam
2627 973 2765 1035 spe-

297 1050 556 1110 ctantia
595 1049 838 1111 clericis
863 1056 932 1109 et
958 1048 1136 1111 laicis
1163 1050 1250 1111 ad
1278 1049 1505 1123 vitam,
1532 1051 1620 1111 ad
1645 1056 1901 1129 tempus
1930 1052 2033 1113 vel
2057 1060 2370 1131 perpetuo
2398 1052 2484 1113 ad
2512 1053 2763 1113 firmam

297 1147 408 1207 vel
447 1145 572 1207 sub
612 1166 805 1208 censu
850 1149 1294 1222 concesserim,
1338 1167 1614 1226 quorum
1641 1148 1840 1227 aliqui
1866 1149 2114 1211 litteras
2142 1151 2645 1213 confirmationis
2688 1152 2755 1212 in

293 1246 514 1306 forma
542 1248 870 1307 communi
895 1246 981 1307 ab
1009 1265 1114 1324 ap.
1143 1246 1292 1309 sede
1320 1247 1694 1323 impetrasse
1720 1246 2037 1308 dicantur.
2122 1248 2412 1322 Mandat,
2450 1250 2758 1327 quatinus

295 1364 376 1403 ea
397 1362 532 1404 non
553 1342 966 1404 obstantibus
989 1344 1289 1405 omnibus
1309 1350 1583 1405 revocet.
1665 1364 1694 1404 e
1715 1344 1816 1405 Ad
1839 1346 2233 1407 audientiam
2256 1366 2299 1407 ὴ.
2372 1348 2523 1408 Dat.
2552 1346 2761 1407 Rome

293 1442 480 1521 apud
520 1460 567 1503 s.
611 1440 920 1503 Sabinam
962 1441 1021 1502 V
1061 1442 1184 1502 kal.
1229 1443 1386 1515 dec.,
1430 1448 1610 1520 pont.
1655 1443 1742 1503 II.

630 1548 784 1609 Volt.
831 1548 1073 1609 AVeec.
1115 1568 1166 1607 8.
1211 1548 1400 1610 XIII
1441 1550 1560 1609 dec.
1593 1550 1634 1611 2
1659 1570 1724 1609 n.
1754 1550 1836 1611 29
1862 1548 2037 1627 Oriq.
2071 1550 2277 1626 (Bulle
2302 1552 2591 1612 verloren.
2624 1552 2761 1629 Λα]

621 1646 727 1707 der
767 1644 1100 1707 Riiekseite
1141 1646 1407 1722 Clarus).

2666 567 2767 617 317

291 1840 442 1911 934.
1907 1841 2087 1913 Rom,
2130 1840 2169 1901 1
2211 1842 2532 1903 Dezember
2573 1842 2755 1903 1286.

421 1935 840 1998 Honorius
884 1936 992 1998 IV
1033 1936 1377 2016 Raynaldo
1403 1957 1540 1999 can.
1566 1937 1844 2000 Senensi.
1928 1938 2167 2000 Narrat
2186 1959 2255 2001 se
2281 1939 2553 2012 audisse,
2578 1940 2753 2019 quod

291 2034 714 2113 (Raynerius)
757 2054 854 2113 ep.
900 2033 1074 2095 Vult.
1130 2040 1196 2095 et
1249 2035 1718 2113 predecessores
1773 2036 1949 2097 bona
1998 2037 2085 2098 ad
2139 2057 2236 2117 ep.
2282 2056 2571 2098 mensam
2612 2056 2753 2117 spe-

289 2132 548 2193 ctantia
574 2133 816 2195 clericis
846 2136 912 2193 et
938 2133 1117 2193 laicis
1146 2132 1229 2193 ad
1258 2134 1482 2205 vitam,
1515 2135 1600 2194 ad
1627 2139 1883 2213 tempus
1916 2134 2015 2195 vel
2044 2140 2356 2213 perpetuo
2386 2134 2469 2195 ad
2500 2136 2751 2196 firmam

291 2230 402 2291 vel
440 2230 562 2291 sub
603 2236 780 2292 certo
822 2250 1015 2293 censu
1059 2232 1498 2302 concesserint,
1545 2250 1816 2309 quorum
1867 2232 2065 2311 aliqui
2106 2233 2351 2294 litteras
2414 2233 2751 2295 confirma-

287 2329 492 2389 tionis
531 2329 600 2388 in
637 2328 850 2389 forma
891 2328 1149 2389 comuni
1191 2328 1276 2389 ab
1317 2348 1414 2407 ep.
1461 2329 1606 2389 sede
1647 2332 2023 2407 impetrasse
2056 2330 2369 2391 dicantur.
2454 2329 2747 2403 Mandat,

287 2426 604 2503 quatinus
624 2446 701 2487 ea
727 2446 862 2488 non
889 2425 1300 2487 obstantibus
1331 2426 1628 2487 omnibus
1667 2433 1926 2488 revocet
1946 2430 2007 2503 ¹).
2145 2427 2582 2489 «Venerabilis
2624 2428 2748 2489 fra-

287 2528 450 2583 ter».
539 2524 686 2583 Dat.
731 2524 939 2584 Rome
979 2523 1157 2601 apud
1197 2543 1246 2583 s,
1289 2522 1596 2584 Sabinam
1637 2524 1761 2584 kal.
1805 2525 1962 2597 dec„
2006 2529 2185 2603 pont.
2230 2525 2282 2585 1.

623 2622 777 2682 Volt.
825 2622 1061 2683 AVesc.
1107 2640 1159 2679 3.
1201 2620 1390 2680 XIII
1429 2621 1553 2681 dec.
1599 2622 1638 2681 9
1678 2642 1743 2682 n.
1786 2622 1868 2683 55
1907 2623 2077 2699 Θήρ.
2112 2622 2317 2699 (Bulle
2356 2622 2667 2700 verloren).

287 2819 431 2877 935.
1745 2820 2065 2890 Montieri,
2109 2819 2149 2878 3
2190 2819 2525 2879 November
2564 2818 2744 2879 1287.

409 2916 725 2977 Homines
765 2917 846 2977 de
887 2917 1297 2979 Monterio
1339 2918 1650 2977 mandato
1691 2916 1936 2977 Mathei
1976 2926 2111 2977 not.
2156 2924 2311 2977 tunc
2356 2918 2574 2978 vicarii
2622 2916 2746 2977 Mei

285 3015 464 3076 Petri
505 3013 589 3073 de
628 3013 948 3075 Talomeis
985 3013 1067 3075 de
1109 3013 1292 3075 Senis
1343 3013 1686 3091 potestatis
1731 3014 2021 3073 comunis
2075 3012 2373 3073 Monterii
2427 3014 2495 3074 in
2546 3014 2743 3074 domo

279 3111 476 3183 Nelli,
520 3110 636 3173 ubi
673 3112 842 3172 fiunt
867 3112 1150 3181 consilia,
1181 3110 1549 3189 congregati
1574 3110 1908 3185 Miqhelem
1936 3109 2040 3188 qd.
2072 3111 2239 3173 Pieri
2265 3119 2743 3190 procuratorem

281 3229 506 3269 coram
548 3208 1023 3286 R(ainerio)
1068 3230 1166 3289 ep.
1205 3208 1378 3269 Vult.
1423 3210 1827 3269 constituunt
1870 3207 1954 3268 ad
2000 3209 2371 3287 petendum,
2412 3218 2489 3268 ut
2531 3209 2566 3269 I
2606 3229 2738 3269 cor-

281 3305 527 3368 bellum
573 3326 730 3367 vene
767 3309 1014 3383 argenti
1039 3306 1123 3367 de
1147 3306 1353 3368 foveis
1382 3313 1448 3366 et
1475 3305 1960 3379 argentifodinis
2001 3326 2117 3385 pro
2145 3307 2409 3386 singulis
2438 3306 2581 3367 IIII
2609 3326 2740 3367 cor-

281 3402 469 3463 bellis
496 3401 789 3463 debitum
819 3403 1116 3482 episcopo
1145 3403 1230 3462 ad
1258 3402 1293 3462 1
1328 3402 1408 3463 de
1448 3401 1615 3462 VIII
1657 3401 1945 3463 corbellis
1970 3403 2285 3476 remittat,
2317 3421 2465 3462 cum
2495 3401 2743 3464 fructus

277 3500 621 3561 fovearum
661 3501 793 3561 sint
831 3500 1138 3561 diminuti
1173 3507 1244 3562 et
1285 3501 1406 3578 ipsi
1444 3501 1514 3561 in
1555 3508 1690 3561 tam
1738 3501 2027 3561 maxima
2079 3504 2363 3578 egestate
2420 3500 2734 3571 laborent,

277 3597 462 3675 quod
501 3599 718 3676 potius
758 3598 980 3660 foveas
1019 3599 1303 3660 sinerent
1341 3598 1650 3669 laborare;
1696 3603 1781 3668 et,
1825 3600 1878 3658 si
1919 3597 2162 3669 fecerit,
2212 3598 2299 3659 ad
2351 3600 2740 3676 promitten-

275 3698 443 3757 dum
483 3697 842 3774 pecuniam,
886 3716 1082 3775 quam
1109 3698 1168 3756 ei
1194 3697 1594 3757 decreverint
1633 3695 2011 3757 solvendam
2034 3697 2101 3774 ²).
2224 3696 2364 3757 Act.
2411 3695 2735 3757 Monterii.

277 3792 862 3867 MOCLXXXVII,
909 3793 1015 3855 III
1055 3814 1224 3867 nov„
1269 3795 1399 3855 ind.
1442 3794 1494 3855 Ι.
1591 3794 1893 3856 Matheus
1934 3803 2069 3855 not.
2788 3862 2807 3883 ·

617 3891 776 3953 Volt.
819 3891 1060 3953 AVesc.
1102 3910 1156 3951 s.
1199 3890 1388 3951 XIII
1427 3891 1546 3952 dec.
1592 3892 1631 3951 9
1672 3910 1734 3951 n.
1779 3891 1861 3951 54
1901 3891 2070 3969 Oriy.
2114 3892 2230 3951 Ed.
2277 3892 2495 3953 Giachi
2521 3892 2541 3924 ²
2570 3893 2707 3954 527.

275 4086 418 4147 936.
1905 4086 2203 4158 Olzianni,
2246 4086 2327 4147 13
2368 4086 2515 4147 Mai
2554 4086 2731 4147 1288.

406 4184 644 4245 Omnes
686 4180 994 4253 honinem
1039 4182 1176 4253 XC,
1222 4185 1510 4244 comunis
1537 4184 1618 4244 de
1648 4184 1752 4245 Ch
1772 4184 2000 4245 ianni
2032 4184 2327 4245 iurarunt
2354 4182 2735 4245 fidelitatem

277 4281 462 4359 Lapo
502 4279 584 4340 de
625 4278 832 4341 Rosso
862 4280 941 4339 de
987 4280 1229 4339 Rubeis
1258 4300 1374 4359 pro
1413 4280 1886 4357 R(ainerio)
1932 4300 2029 4359 ep.
2073 4281 2247 4342 Vult.
2279 4280 2518 4343 vicario
2546 4300 2729 4359 gene-

273 4378 396 4438 rali
439 4378 508 4438 in
546 4376 842 4456 partibus
889 4377 1070 4437 vallis
1113 4376 1283 4439 Here
1324 4378 1472 4439 hinc
1499 4378 1586 4438 ad
1609 4378 1734 4439 kal.
1764 4397 1913 4439 nov.
1998 4379 2140 4439 Act.
2174 4378 2445 4441 Chianni
2482 4379 2551 4439 in
2578 4378 2729 4439 eccl.

275 4498 322 4537 s.
372 4476 636 4537 Donat-i.
721 4475 1368 4549 MCCLXXXVIIII,
1413 4476 1542 4538 ind.
1588 4477 1640 4551 Ι,
1683 4477 1790 4538 ΠΙ
1825 4477 1909 4538 id.
1954 4478 2123 4539 mad.
2176 4478 2262 4538 ad
2302 4498 2557 4539 cursum
2600 4475 2727 4539 Pis.

425 4691 468 4755 ¹)
505 4692 624 4741 Das
660 4692 898 4741 Mandat
934 4692 1026 4740 hat
1065 4692 1300 4755 qleichen
1335 4692 1522 4743 Inhalt
1559 4694 1656 4742 mit
1693 4708 1746 4743 π.
1789 4694 1907 4743 933.
2040 4694 2084 4757 ε)
2130 4692 2432 4755 ἴῘει-ρῑοίοὴε
2472 4693 2731 4742 ‹Bistum

233 4780 240 4786 ’
269 4782 392 4831 und
429 4778 890 4841 Geldwirtschalt»
925 4780 997 4829 II
1034 4782 1154 4831 311.
