3817 5642
870 589 1315 643 REGESTUM
1351 587 2040 646 VOLATERRANUM
2574 589 2680 644 229

200 783 353 842 dice
400 784 751 862 potestatis
791 789 873 844 tt.
960 782 1309 844 Frenectus
1350 781 1610 863 Ugolini
1650 784 1730 851 de
1774 781 2012 846 Sancto
2053 783 2270 844 Pietro
2301 783 2481 844 vallis
2508 785 2681 848 Here

202 879 409 942 Fred.
460 883 612 958 imp.
654 885 813 950 not„
859 875 931 940 ut
960 883 1037 964 *in
1081 881 1243 940 actis
1285 881 1657 942 cancellarie
1699 880 1821 940 Pis.

544 977 807 1040 Florem
850 978 1005 1040 Ast.
1052 979 1247 1054 (Volt.
1277 977 1440 1040 1258
1475 978 1609 1041 VII
1638 978 1739 1047 25.
1770 999 1833 1039 n.
1869 978 2014 1056 725)
2042 977 2215 1056 Oriq.
2299 980 2415 1042 Ed.
2447 979 2678 1044 θεοίνια

544 1077 625 1137 56
664 1075 749 1136 ad
786 1075 951 1138 1258
994 1076 1531 1153 (αηυοῑῑείᾶηάίρ).
1577 1075 1704 1137 Oct.
1746 1075 2326 1155 Pfiuqk-Harttunq
2365 1077 2495 1138 Iter
2533 1078 2674 1139 550.

200 1273 350 1333 687.
1922 1271 2140 1344 Siena,
2183 1271 2266 1334 28
2303 1273 2456 1335 Juli
2495 1274 2674 1335 1257.

333 1368 715 1440 MCCLVII,
759 1369 889 1428 ind.
935 1368 1079 1440 XV,
1110 1366 1324 1428 Vkal.
1356 1387 1501 1448 aug.
1589 1368 2032 1429 Rainerius
2073 1367 2311 1430 electus
2352 1369 2530 1432 Vult..
2561 1389 2677 1450 pro

200 1467 633 1547 expediendis
684 1465 939 1538 debitis,
992 1465 1226 1544 quibus
1270 1471 1565 1531 tenemur
1616 1467 2014 1547 Bentivegne
2057 1467 2348 1530 Davanzi
2396 1466 2476 1528 de
2531 1467 2674 1528 Flo·-

204 1568 425 1630 rentia
444 1567 487 1642 ¹)
520 1575 585 1626 et
614 1567 1049 1626 contraximus
1077 1586 1195 1644 pro
1223 1565 1661 1644 recolligendis
1694 1565 1877 1626 bonis
1904 1567 2314 1646 episcopatus
2343 1573 2410 1628 et
2437 1587 2554 1646 pro
2581 1588 2674 1630 re·

202 1664 500 1727 laxando
548 1662 789 1733 debite,
834 1682 966 1740 quo
1008 1662 1388 1726 tenebamur
1428 1663 1614 1724 Dolci
1655 1669 1722 1723 et
1772 1663 2010 1724 Iacobo
2060 1662 2352 1724 Ghiberti
2401 1666 2484 1726 de
2531 1664 2674 1726 Flo·

203 1765 443 1835 rentia,
503 1781 629 1840 que
670 1763 1126 1832 contraximus,
1171 1781 1317 1821 cum
1362 1760 1601 1821 fuimus
1642 1762 1709 1821 in
1750 1763 2034 1823 exercitu
2081 1761 2376 1824 Romane
2416 1764 2563 1824 eccl.
2607 1765 2674 1826 in

206 1861 543 1944 Apulia-’2
574 1857 1019 1918 Ildibrandino
1043 1857 1329 1918 Tolomei
1356 1857 1499 1918 Sen.
1532 1859 1867 1919 vendimus
1896 1859 2145 1920 fructus
2173 1863 2366 1921 castri
2387 1860 2467 1922 de
2496 1860 2674 1922 Mon-

201 1960 455 2018 talcino
485 1962 552 2017 et
573 1955 719 2016 ville
749 1956 828 2015 de
849 1954 1147 2016 Certaldo
1169 1974 1317 2015 cum
1339 1957 1616 2034 signoria
1645 1958 1779 2016 eius
1811 1957 1893 2017 ad
1923 1955 2160 2017 festum
2183 1959 2472 2018 omnium
2493 1977 2675 2020 sanc·

204 2067 431 2118 torum
460 2059 529 2114 et
555 2061 793 2114 extunc
825 2053 907 2114 ad
936 2052 1065 2114 VII
1094 2073 1297 2113 annos
1338 2073 1453 2130 pro
1481 2053 1681 2115 CCCC
1709 2053 1817 2113 lib.
1850 2054 1995 2114 den.
2029 2053 2167 2114 Sen.
2209 2056 2438 2116 minut.
2525 2057 2670 2118 Act.

206 2153 411 2213 SeniS.
528 2150 809 2213 Ranerio
856 2149 1101 2210 Mathei
1147 2150 1374 2210 iudice.
1421 2149 1644 2210 Scotto
1700 2149 2097 2212 Rustichelli.
2143 2151 2382 2212 Iacobo
2421 2152 2671 2214 Uberti.

186 2251 497 2314 ‚Ranerio
540 2247 946 2326 Uguiccionis
986 2251 1055 2306 et
1096 2247 1375 2308 Ranerio
1417 2247 1659 2308 Bianco
1702 2252 1780 2309 tt.
1866 2246 2348 2310 Ildibrandinus
2389 2247 2494 2328 qd.
2543 2250 2672 2310 Ra-

202 2368 365 2410 nem
407 2353 701 2505 not-Vola
746 2441 987 2504 AVesc.
1030 2461 1081 2503 s.
1124 2441 1317 2504 XIII
1356 2442 1477 2502 dec.
1508 2441 1548 2503 6
1574 2463 1637 2502 n.
1670 2443 1751 2504 54
1779 2442 1952 2520 Θήρ.
1987 2441 2202 2520 (durch
2229 2443 2504 2505 »Sc-liniue
2532 2444 2670 2506 kas-

534 2542 724 2616 sien).
808 2538 928 2600 Ed.
975 2539 1197 2601 Giachi
1236 2543 1247 2572 ¹
1281 2538 1403 2600 165
1435 2563 1505 2597 z:
1541 2541 1560 2572 ²
1590 2539 1727 2601 492.

200 2737 347 2796 688.
1876 2735 2137 2806 viterbo,
2181 2737 2264 2796 30
2303 2737 2448 2797 Juli
2489 2737 2666 2799 1257.

328 2831 803 2893 Alexander
843 2829 951 2890 IV
992 2833 1301 2911 magistro
1345 2830 1592 2892 Uberto
1634 2831 1714 2892 de
1744 2833 2140 2911 Coquenato.
2225 2833 2670 2915 Conquerente

205 2934 361 2995 olim
415 2929 770 3006 (Rainerio)
826 2928 1004 2991 Vult.
1064 2928 1284 3002 electo,
1345 2929 1521 3008 quod
1577 2929 1973 3004 Florentina,
2032 2932 2288 3004 Pisana,
2353 2933 2665 3005 Senensis,

203 3029 597 3090 Vulterrana
638 3027 956 3098 civitates,
1002 3024 1223 3088 Sancti
1266 3027 1648 3100 Geminiani,
1694 3027 1914 3089 Sancti
1943 3028 2220 3101 Miniati,
2247 3029 2666 3105 Podiibonizi,

202 3129 284 3187 de
328 3126 504 3187 Colle
545 3126 911 3186 communia
952 3132 1022 3187 et
1062 3126 1474 3205 quamplures
1516 3126 1871 3206 singulares
1915 3145 2181 3204 persone
2235 3134 2450 3190 castra
2487 3125 2664 3189 Vult.

202 3225 373 3286 dioc.
438 3223 752 3291 detinent,
809 3225 1119 3302 magistro
1158 3221 1441 3286 Ubaudo
1484 3221 1814 3302 capellano
1856 3243 1974 3284 suo
2015 3245 2186 3285 nunc
2228 3225 2592 3287 Cherviensi
2618 3229 2666 3303 8)

203 3322 411 3382 electo
453 3339 623 3399 papa
665 3321 1109 3390 mandaverat,
1153 3325 1231 3380 ut
1272 3325 1649 3399 potestates,
1694 3319 2085 3398 capitaneos,
2131 3319 2518 3382 consiliarios
2559 3341 2667 3382 ex·

202 3418 809 3488 communicat-ione,
873 3419 1173 3478 civitates
1234 3415 1577 3479 interdicto
1640 3419 1724 3478 ad
1787 3418 2261 3479 restitutionem
2326 3424 2663 3483 coartaret.

202 3517 443 3576 Verum
489 3515 755 3593 quidam
796 3512 1076 3574 Ubaudo
1119 3520 1607 3593 proposuerunt,
1654 3515 1829 3592 quod
1858 3516 2198 3592 procedere
2225 3535 2354 3576 non
2385 3515 2664 3588 valebat,

202 3615 359 3693 quia
401 3632 589 3674 cause
634 3617 919 3690 tempore
960 3611 1475 3689 predecessorum
1520 3612 1703 3672 electi
1745 3612 1885 3671 a-liis
1927 3611 2246 3674 iudicibus
2281 3611 2572 3693 delegate
2597 3621 2664 3676 et

204 3710 604 3790 temporibus
645 3710 933 3789 Gregorii
976 3708 1129 3788 (IX)
1160 3710 1245 3770 ad
1272 3729 1372 3789 ap.
1404 3709 1622 3770 sedem
1652 3716 1949 3770 revocate
1978 3711 2260 3784 fuerunt;
2291 3713 2465 3790 quod
2493 3733 2661 3780 com-

204 3809 425 3871 munia
467 3808 654 3869 citari
694 3827 821 3868 non
865 3815 1185 3886 poterant,
1230 3807 1384 3886 quia
1422 3809 1488 3868 in
1532 3807 1762 3868 litteris
1804 3809 2276 3881 continebatur,
2325 3809 2498 3887 quod
2524 3829 2662 3888 per-

202 3908 509 3969 sonaliter
551 3908 881 3968 accederet
920 3905 1271 3979 Ubaudus;
1316 3907 1491 3986 quod
1534 3926 1645 3986 per
1702 3909 1866 3968 hanc
1923 3907 2274 3968 clausulam
2331 3909 2436 3969 alii
2492 3909 2663 3969 ultra

204 4013 485 4085 quatuor
528 4025 655 4065 non
696 4011 1001 4082 poterant
1043 4007 1401 4076 conveniri3
1460 4012 1527 4065 et
1582 4006 1757 4083 quod
1814 4007 1988 4082 prius
2045 3999 2410 4067 communia
2465 4027 2659 4085 quam

204 4101 553 4182 singulares
591 4120 857 4181 persone
900 4102 1333 4164 conveniende
1376 4109 1579 4175 erant,
1611 4109 1805 4181 prout
1835 4102 2074 4163 elect-us
2103 4102 2447 4164 intimavit.
2480 4103 2658 4164 Man-

206 4203 337 4270 dat,
398 4201 703 4278 quatinus
752 4199 1059 4276 procedat·
1112 4219 1304 4278 super
1349 4199 1493 4270 hoc,
1538 4220 1669 4260 non
1713 4198 2127 4263 obstantibus
2177 4201 2662 4278 except-ionibus

206 4317 317 4356 nec
361 4296 823 4356 constitutione
863 4295 945 4356 de
1000 4297 1251 4357 duabus
1308 4297 1497 4357 dietis
1556 4316 1762 4375 neque
1818 4297 2048 4358 litteris
2105 4317 2203 4374 ap.
2251 4297 2335 4358 ab
2388 4298 2659 4360 adversa

206 4400 389 4471 parte
429 4393 789 4470 impetratis
832 4393 929 4452 vel
975 4393 1395 4471 impetrandis
1439 4394 1517 4452 dc
1545 4392 1950 4472 presentibus
1979 4394 2234 4471 plenam
2267 4415 2394 4455 non
2423 4394 2654 4456 facien-

348 4705 394 4771 ¹)
428 4707 583 4758 Siehe
617 4723 673 4758 n.
714 4709 835 4758 679.
1053 4707 1099 4772 ²¹)
1135 4707 1295 4758 Siehe
1336 4723 1356 4758 <‹
1382 4707 1599 4756 Bistam
1638 4709 1751 4758 und
1789 4707 2253 4768 Geldwirtschaft»
2289 4709 2360 4756 ΙΙ
2405 4709 2654 4758 297-299.

208 4795 251 4861 ⁸)
290 4795 479 4844 cervia
513 4796 597 4846 bei
631 4796 911 4855 Ravenna,
955 4797 1267 4846 1257-1264.
