3817 5642
1045 570 1118 621 50
1697 564 2140 619 REGESTUM
2180 563 2859 618 VOLATERRANUM

1047 782 1260 824 comt-s
1282 782 1382 842 gg.
1401 762 1446 821 f.
1465 760 1528 821 b.
1549 780 1632 821 m.
1649 760 1776 841 Ugi
1799 779 2009 821 comes
2030 780 2145 838 per
2163 760 2427 839 lignum,
2445 758 2621 838 quod
2641 778 2757 819 sua
2778 758 3159 820 detinebant
3184 758 3505 821 manibus,

1047 861 1474 921 investierunt
1514 864 1582 918 et
1623 858 2089 919 reflutaverunt
2132 856 2429 918 Rolando
2468 857 2513 917 f.
2558 856 2855 917 Rustichi
2896 862 2965 916 et
3000 856 3273 917 Iohanni
3300 856 3346 915 f.
3378 856 3503 916 Βο-

1049 960 1168 1020 niti
1213 978 1252 1019 a
1295 959 1433 1017 vice
1475 956 1716 1017 Uselmi
1757 961 1826 1016 et
1853 952 2101 1017 Alberti
2131 975 2234 1035 gg.
2265 954 2311 1014 f.
2344 954 2588 1015 Usehni
2614 960 2682 1015 et
2716 954 2931 1026 Cnidi,
2960 950 3225 1014 Gerardi
3252 960 3321 1014 et
3350 954 3502 1015 Ber-

1049 1056 1234 1117 nardi
1275 1074 1358 1135 gg
1399 1054 1460 1115 f:
1492 1053 1802 1115 Bernardi
1845 1052 2199 1113 senioribus
2238 1072 2458 1113 eorum
2499 1052 2899 1111 nominative
2938 1052 3021 1111 de
3073 1057 3248 1111 turre
3290 1058 3357 1111 et
3398 1071 3501 1112 ca-

1047 1154 1234 1215 stello
1259 1152 1340 1213 de
1369 1152 1838 1232 Germagnan0‚
1881 1157 2155 1228 excepto
2182 1150 2402 1211 fodero
2428 1150 2494 1227 ¹);
2532 1150 2586 1209 si
2613 1148 2761 1210 inde
2788 1150 3077 1209 contenti
3110 1168 3239 1209 non
3266 1148 3503 1221 forent,

1049 1268 1196 1329 pen.
1239 1248 1418 1326 dupii
1461 1254 1528 1309 et
1569 1248 1826 1327 insuper
1866 1246 1975 1307 lib.
2020 1245 2071 1306 C
2109 1246 2257 1307 den.
2299 1245 2381 1306 de
2422 1244 2617 1305 Luca.
2675 1243 2799 1305 Pro
2854 1246 3235 1305 investitura
3282 1245 3503 1305 laune-

1047 1346 1220 1408 child
1259 1346 1546 1407 fecerunt·
1581 1343 1925 1405 comitibus
1958 1362 2183 1405 crosna
2210 1362 2361 1403 una..
2442 1363 2471 1403 α
2491 1341 2851 1403 Centesimo
2878 1343 3108 1420 quinto
3132 1350 3279 1421 post
3310 1342 3503 1415 mille,

1049 1446 1233 1507 nonis
1274 1444 1547 1523 aprelis»
1570 1448 1638 1520 ²),
1685 1441 1816 1503 ind.
1860 1441 2018 1502 XII.
2106 1440 2491 1502 Ildebrando
2530 1446 2667 1501 not.
2710 1460 2832 1501 unc
2876 1438 3067 1501 breve
3107 1440 3348 1517 scripsi.

1379 1542 1536 1602 Volt.
1571 1539 1790 1617 ACap.
1821 1560 1882 1599 n.
1916 1540 1997 1600 93
2024 1540 2193 1615 Oriq.
2276 1540 2395 1599 E'd.
2428 1538 2612 1599 Lami
2640 1538 2777 1599 Del.
2824 1537 2969 1597 XII
2999 1538 3176 1600 1098.
3219 1539 3341 1599 Cic.
3386 1538 3505 1598 Re·

1369 1640 1517 1716 paui
1553 1637 1603 1699 V
1636 1637 1772 1698 680.

1057 1836 1190 1895 140.
2626 1830 2971 1908 Riparotta,
3014 1832 3055 1892 2
3095 1832 3279 1891 Mar-z
3320 1832 3503 1892 1106.

1169 1930 1366 2004 Mcv,
1409 1928 1504 1989 VI
1545 1949 1694 1990 non.
1739 1934 1953 1992 mart.
1987 1928 2118 1989 ind.
2152 1927 2381 1989 XIIII.
2468 1928 2529 1989 U
2544 1947 2637 2008 go
2680 1948 2892 1989 comes
2932 1928 2977 1989 f.
3016 1928 3078 1989 b.
3125 1948 3209 1989 m.
3260 1930 3507 2008 Ugonis

1049 2037 1118 2091 et
1160 2029 1376 2091 Cicilia
1417 2028 1644 2106 iugalis
1685 2026 1732 2087 f.
1777 2026 2050 2087 Arduini
2090 2028 2485 2104 interrogate.
2526 2046 2565 2085 a
2606 2026 2917 2106 Sigitione
2952 2027 3158 2087 iudice
3194 2028 3273 2087 ad
3306 2046 3502 2087 reme·

1051 2126 1232 2187 dium
1275 2126 1485 2185 anime
1513 2129 1729 2183 nostre
1759 2130 1824 2182 et
1863 2128 2209 2199 parentum
2238 2122 2555 2181 donamus
2582 2122 2730 2182 eccl.
2762 2142 2812 2182 e.
2842 2122 3042 2182 Mario
3082 2124 3149 2183 in
3188 2110 3505 2194 Mox-rone,

1051 2223 1163 2283 ubi
1207 2222 1526 2282 Gerardus
1551 2222 1597 2297 ⁸)
1643 2220 1895 2290 residet,
1942 2222 2187 2299 petiam
2228 2226 2395 2279 terre
2436 2220 2504 2281 in
2532 2226 2772 2291 monte,
2800 2219 2915 2279 ubi
2942 2220 3509 2303 modo-edificatur

1051 2320 1354 2381 mosterio
1379 2322 1447 2393 ⁴),
1493 2322 1821 2378 tenentem
1863 2318 1931 2376 in
1973 2318 2079 2376 via
2123 2316 2379 2395 publica
2420 2318 2605 2377 iuxta
2639 2316 2907 2377 fluvium
2936 2317 3215 2389 Cascine,
3246 2319 3385 2397 rigo
3424 2317 3507 2379 de

1051 2416 1237 2486 valle,
1269 2416 1374 2474 via
1415 2414 1628 2493 pulice,
1651 2416 1697 2487 ὃ)
1728 2413 1808 2474 de
1837 2413 1893 2473 le
1922 2412 2113 2483 Cave,
2142 2431 2269 2491 que
2308 2414 2499 2473 solito
2518 2414 2652 2473 iure
2680 2414 2877 2473 currit
2905 2432 2945 2472 a
2972 2414 3191 2492 rigone
3216 2412 3299 2473 de
3340 2414 3510 2475 valle

1049 2514 1134 2573 ad
1179 2514 1353 2573 viam
1389 2513 1574 2572 iuxta
1601 2510 1957 2581 Caecinam,
1986 2512 2051 2569 in
2082 2510 2227 2570 cilio
2256 2512 2512 2580 monde,
2543 2528 2668 2587 que
2696 2512 2826 2569 iam
2853 2510 2979 2570 fuit
3005 2510 3177 2570 fossa
3204 2511 3509 2573 edificata

1051 2611 1147 2691 [a]
1188 2608 1455 2670 Barotio
1497 2609 1702 2667 scario
1739 2606 1823 2667 de
1865 2606 2071 2680 Colle;
2115 2613 2553 2686 exceptamus,
2596 2609 2649 2667 ei
2692 2608 2835 2684 quis
2876 2606 2965 2667 ibi
3000 2608 3200 2668 habet
3226 2612 3507 2687 proprie-

1053 2715 1280 2778 tatem,
1311 2714 1378 2765 et
1405 2713 1608 2767 terras
1637 2712 1703 2765 et
1733 2708 1973 2777 vineae,
2007 2724 2168 2783 quas
2198 2705 2630 2766 Aldibrandus
2671 2706 2717 2765 f.
2748 2705 3013 2767 Gerardi
3040 2706 3226 2767 abuit
3253 2728 3293 2767 a
3318 2708 3509 2770 nobis

1052 2818 1164 2885 per
1203 2803 1467 2865 feudum
1499 2804 1564 2863 in
1607 2802 1870 2875 Collina,
1916 2808 1983 2861 et
2026 2804 2476 2881 anteponimus
2516 2803 2573 2862 V
2615 2804 2751 2863 eius
2790 2802 3067 2875 fiafiora;
3112 2822 3257 2881 pen.
3301 2805 3505 2883 dupli.

1051 2904 1198 2963 Act.
1243 2902 1420 2960 intus
1449 2900 1714 2961 castello
1739 2900 1821 2959 de
1850 2899 2167 2978 Riparota
2194 2902 2517 2961 territurio
2558 2900 2975 2961 Voluterano.
3040 2900 3101 2962 S.
3135 2921 3219 2961 m.
3243 2904 3505 2981 iugales,

1051 3000 1318 3060 Gerardi
1372 2998 1417 3057 f.
1471 2998 1532 3058 b.
1572 3018 1656 3057 m.
1713 2997 1982 3076 Ugonis.
2036 2998 2181 3077 Ugo
2222 2997 2269 3058 f.
2312 2996 2598 3057 Gerardi.
2658 2999 2881 3077 Enrigi
2920 2998 2965 3059 f.
3013 2998 3073 3058 b.
3118 3019 3204 3059 m.
3247 3000 3506 3061 villani.

1051 3095 1570 3176 Ald[ebrandini]
1617 3094 1664 3155 f.
1711 3093 2011 3153 Rollandi
2056 3100 2136 3153 tt.
2224 3094 2433 3173 Sigizo
2474 3095 2669 3156 iudex
2708 3116 2758 3155 e.
2802 3096 2929 3173 pal.

1169 3201 1180 3213 “
1381 3192 1538 3252 Volt.
1573 3191 1810 3253 AVeec.
1841 3212 1890 3251 8.
1926 3191 2073 3251 XII
2100 3192 2223 3252 dec.
2257 3193 2294 3252 1
2324 3212 2386 3252 n.
2420 3192 2459 3252 8
2486 3192 2661 3269 Oriq.

1059 3390 1190 3449 141.
2427 3387 2784 3465 (Volterra),
2829 3388 2909 3449 16
2948 3388 3283 3449 November
3324 3390 3505 3451 1106.

1177 3484 1613 3563 Rogierius
1657 3484 1827 3543 Volt.
1874 3504 1971 3561 ep.
2005 3483 2173 3545 dono
2206 3485 2593 3545 monasterio
2620 3505 2669 3544 e.
2702 3485 2867 3547 Iusti
2895 3491 2962 3546 et
2988 3486 3330 3547 Clementis
3358 3506 3505 3548 con·

1051 3585 1370 3645 sentiente
1411 3583 1576 3643 clero
1603 3582 1878 3654 fodrum,
1905 3581 2079 3659 quod
2105 3584 2487 3643 necessitate
2515 3584 2889 3644 imminente
2916 3584 2997 3643 de
3018 3590 3238 3644 monte
3264 3604 3315 3645 s,
3342 3584 3506 3645 Iusti

1055 3688 1122 3742 et
1163 3679 1386 3758 burg0,
1425 3682 1592 3739 sicut
1634 3679 1841 3739 tribus
1883 3680 2004 3739 viis
2045 3679 2314 3756 publicis
2357 3684 2510 3739 sunt
2550 3679 2948 3753 circumdati,
2980 3688 3047 3741 et
3074 3680 3155 3741 de
3183 3682 3308 3742 alio
3335 3684 3505 3760 poi0,

1053 3780 1166 3857 qui
1208 3778 1330 3838 dic.
1363 3776 1445 3837 ad
1475 3777 1784 3854 Antiqua,
1817 3777 2067 3855 exigere
2096 3775 2399 3837 curabam
2418 3797 2433 3849 ;
2466 3796 2609 3855 pen.
2640 3776 2739 3837 CC
2764 3776 2873 3837 lib.
2906 3779 3043 3838 auri
3084 3780 3249 3857 puri.
3360 3782 3505 3840 Act.

1055 3974 1269 4033 Lothar,
1309 3974 1413 4023 den
1448 3974 1516 4023 D.
1546 3976 1684 4024 1105
1722 3974 1946 4023 Januar
1982 3976 2045 4023 17
2074 3974 2259 4023 zuletzt
2293 3974 2627 4023 vorkommen
2666 3974 2815 4033 leion,
2852 3976 2981 4024 noch
3022 3974 3114 4025 ein
3146 3974 3291 4025 Jahr
3324 3976 3509 4026 vorher

1059 4063 1268 4125 qemnd
1303 4062 1417 4111 und
1451 4062 1601 4125 uitia.
1766 4064 1805 4127 ι)
1846 4062 1952 4111 Die.
2003 4062 2165 4111 Stella
2216 4062 2420 4111 beweiet
2466 4078 2536 4112 m.
2588 4064 2676 4123 A„
2724 4062 2851 4113 dau
2899 4064 2999 4113 dac
3045 4064 3257 4126 fodrum
3293 4092 3365 4101 ——
3398 4080 3507 4115 ver·

1059 4150 1256 4213 qleiohe
1293 4150 1431 4199 auch
1465 4166 1519 4199 n.
1563 4151 1663 4200 141
1693 4176 1762 4187 -
1787 4150 1902 4199 eim
1942 4150 2277 4209 ordemliche,
2314 4150 2461 4199 nicht
2496 4151 2640 4201 bloee
2678 4150 3023 4214 ueleqentlieh
3062 4153 3155 4202 der
3182 4150 3507 4215 Romo-zoae

1055 4253 1274 4289 ατηεν-εν
1309 4238 1365 4287 H
1369 4240 1594 4288 err-schor
1645 4239 1888 4287 erhobene
1941 4238 2155 4299 Abqabe
2205 4254 2327 4289 war.
2421 4240 2637 4301 Spuren
2676 4240 2766 4289 deo
2812 4240 3200 4301 Lehneweeem,
3248 4242 3347 4291 dau
3392 4242 3507 4292 hier

1057 4356 1128 4364 -—-
1169 4329 1248 4378 im
1289 4326 1463 4377 Gebiet
1507 4330 1650 4377 eines
1686 4328 1989 4389 machtiyen
2026 4326 2569 4391 Grasenqeschlechtes
2606 4356 2677 4365 —
2714 4329 2824 4379 voll
2867 4328 3197 4391 ausqebildot
3232 4330 3506 4389 erecheint,

1057 4417 1192 4479 trifft
1213 4432 1344 4466 rrum
1367 4432 1463 4466 um
1487 4417 1571 4465 die
1597 4416 1955 4475 Biachosatadt
1989 4417 2229 4466 Volterra
2258 4418 2494 4466 seltener.
2642 4416 2684 4479 ²)
2720 4416 3053 4469 Hammeum.
3196 4416 3241 4481 ⁸)
3264 4418 3508 4481 Erycinae

1057 4506 1248 4555 abbas.
1395 4504 1437 4567 4)
1469 4522 1532 4551 z:
1559 4505 1975 4555 monasterium.
2052 4505 2169 4553 Das
2216 4505 2369 4555 Mdv-z
2396 4508 2535 4556 1089
2560 4520 2678 4555 vom
2702 4505 2903 4565 Grasen
2932 4505 3167 4569 Uquocio
3192 4504 3509 4568 qeqriz‘ndete

1057 4593 1174 4642 und
1219 4594 1318 4643 seit
1365 4594 1502 4643 1109
1539 4592 1642 4643 den
1697 4594 2193 4643 Vallombrosanern
2232 4594 2473 4656 ρεὴόηἳᾳε
2512 4594 2726 4642 Kloeter
2767 4594 3030 4644 Mor-rona
3071 4610 3181 4643 war
3214 4594 3329 4644 aleo
3372 4594 3511 4643 noch

1057 4681 1203 4732 nicht
1227 4680 1490 4731 vellendas.
1565 4682 1672 4731 Die
1709 4680 2288 4744 Grandunqsur'kunde
2324 4682 2455 4731 steht
2490 4684 2572 4732 bei
2609 4682 2901 4733 Mittor-elli
2925 4681 3033 4732 ΙΙΙ
3060 4681 3207 4745 App.
3234 4684 3303 4733 96
3338 4698 3395 4733 n.
3422 4685 3508 4734 66.

1059 4766 1106 4835 ι)
1149 4787 1212 4817 ::
1233 4768 1470 4835 publica.
