3817 5642
1085 594 1158 645 54
1731 590 2179 645 REGESTUM
2218 589 2909 645 VOLATERRANUM

1093 788 1228 847 150
2074 784 2251 846 [sola
2292 784 2387 846 bei
2426 784 2563 846 San
2604 785 2904 858 Minimo,
2948 785 3031 847 26
3066 786 3323 847 Januar
3362 786 3541 847 1115.

1207 882 1630 955 Mcxv,V11
1659 883 1787 945 kal.
1816 884 1969 949 feb..
1994 882 2127 943 ind.
2158 881 2348 944 VIII.
2418 882 2835 945 Gerardus
2860 882 2943 944 de
2968 883 3327 964 catignano
3356 884 3405 943 f.
3435 884 3542 962 qd.

1087 982 1333 1064 Ugonis
1360 988 1428 1043 et
1457 980 1896 1043 Albertusf.
1928 981 2037 1060 qd.
2068 980 2303 1043 Villani
2329 980 2412 1043 de
2444 980 2665 1042 Pescia
2706 982 3018 1061 parabola
3040 982 3155 1044 Gu
3176 980 3547 1043 {licionis

1089 1080 1171 1140 de
1211 1079 1466 1151 maiolo,
1509 1096 1672 1157 quos
1697 1078 1844 1159 Ugo
1883 1098 2097 1141 comes
2126 1081 2169 1155 ¹)
2212 1078 2259 1139 f.
2303 1078 2413 1157 qd.
2456 1078 2705 1158 Ugonis
2742 1082 2899 1139 item
2942 1080 3237 1140 comitis
3220 1100 3289 1141 m
3316 1080 3548 1141 ultImo

1089 1177 1296 1259 elogio
1323 1176 1529 1237 voluit
1557 1174 1833 1237 vende-re
1881 1174 2051 1237 med.
2096 1194 2307 1237 rerum
2348 1194 2611 1237 suarum
2655 1195 2776 1255 pro
2822 1176 3139 1238 solutione
3179 1179 3278 1237 sui
3316 1176 3541 1250 debiti,

1089 1276 1374 1354 exceptis
1413 1275 1614 1335 servis
1653 1280 1720 1334 et
1747 1274 1993 1335 ancillis
2034 1279 2231 1353 atque
2259 1274 2379 1347 his,
2410 1293 2535 1353 que
2562 1272 2842 1335 ecclesiis
2876 1272 3226 1346 reflutavit,
3262 1274 3547 1353 Rugerio

1092 1373 1268 1433 Vult.
1298 1390 1398 1451 ep.
1431 1371 1724 1434 vendunt
1762 1370 1932 1431 med.
1978 1391 2193 1433 rerum
2232 1371 2481 1452 Ugonis
2522 1372 2587 1432 in
2628 1390 2729 1451 ep.
2773 1370 2993 1442 volit„
3024 1373 3093 1435 in
3118 1373 3344 1433 castris
3372 1371 3543 1433 Cati-

1092 1490 1324 1551 gnauo,
1375 1469 1638 1531 castello
1663 1475 1731 1530 et
1759 1474 1941 1530 curte
1968 1468 2048 1530 de
2076 1468 2467 1549 Categnsno,
2512 1468 2878 1548 Riparott-a,
2910 1468 3193 1542 Arsicile,
3222 1468 3541 1541 Cambasi,

1091 1568 1331 1629 Sancto
1357 1566 1714 1629 Benedicto
1739 1586 1887 1628 cum
1916 1572 2097 1628 curte
2124 1565 2405 1639 MuchiO,
2439 1562 2629 1627 ‘curte
2672 1566 3019 1640 PulicianO,
3050 1566 3543 1637 Collemusciori.

1091 1660 1622 1744 Camporobiam,
1679 1664 1969 1737 Casallia,
2034 1663 2243 1737 Fusci,
2307 1664 2625 1737 Morrona,
2688 1665 3087 1735 Montevaso,
3145 1663 3543 1739 Petracassa,

1089 1764 1375 1842 exceptis
1401 1764 1600 1823 servis
1628 1770 1694 1823 et
1723 1762 1968 1823 ancillis
1996 1781 2073 1822 ac
2099 1762 2303 1823 feodis
2331 1750 2625 1843 equitnm
2654 1760 2733 1822 de
2762 1762 3092 1835 masnada,
3123 1781 3249 1841 que
3274 1761 3405 1823 fuit
3433 1762 3542 1840 qd.

1091 1860 1336 1942 Ugonis
1358 1860 1632 1927 comitis,
1655 1864 1718 1918 et
1741 1865 2013 1936 excepta
2034 1864 2267 1937 quarta
2288 1860 2505 1921 uxoris
2525 1858 2807 1919 eiusdem
2830 1864 2897 1920 et
2918 1858 3041 1933 his,
3064 1878 3190 1938 que
3208 1858 3541 1921 reflutavit

1091 1958 1400 2028 eccle-siim
1431 1958 1711 2035 pretium
1751 1962 2137 2035 acceperunt.
2168 1958 2273 2018 CL
2298 1956 2406 2017 lib.
2437 1956 2583 2017 den.
2614 1956 2768 2017 Luc.
2800 1956 2885 2017 ad
2911 1955 3407 2036 persolvendum
3434 1957 3542 2018 de-

1093 2055 1304 2117 bitum
1331 2052 1574 2131 Ugonis
1601 2059 1668 2112 et·
1697 2054 1999 2113 meritum
2021 2052 2108 2113 da
2125 2052 2483 2115 Tebertello
2504 2054 2572 2113 in
2592 2054 2731 2113 vice
2752 2056 3034 2132 episcopi
3054 2054 3317 2115 anulum
3339 2074 3543 2115 unum

1091 2151 1171 2213 de
1207 2170 1382 2211 auro.
1465 2148 1612 2209 Act.
1643 2148 1782 2210 loco
1811 2148 1987 2210 Isula
2013 2168 2213 2228 prope
2255 2149 2584 2211 Iunciano.
2669 2150 2732 2211 S.
2777 2170 2862 2210 m.
2907 2150 3176 2213 Gerardi
3199 2158 3265 2211 et
3294 2151 3547 2213 Alberti

1092 2247 1399 2328 parabola
1419 2246 1790 2309 Guilicionis
1811 2246 1890 2309 de
1914 2248 2217 2311 Ficecclo.
2246 2248 2565 2311 Albertini
2587 2250 2696 2329 qd.
2714 2248 2990 2310 Gottori.
3024 2248 3411 2327 Dragoncini
3432 2250 3543 2328 qd.

1090 2347 1357 2409 Alberti.
1389 2344 1643 2406 Odolini
1684 2345 1792 2423 qd.
1837 2344 2061 2407 Bruni.
2103 2344 2423 2407 Gualandi
2452 2346 2561 2425 qd.
2591 2347 2848 2409 villani.
2892 2348 3154 2408 Raineri
3178 2346 3224 2407 f.
3254 2346 3545 2409 Gerardi.

1092 2444 1492 2506 Lambertini
1518 2444 1626 2521 qd.
1657 2442 2006 2503 Lamberti.
2038 2442 2385 2505 Rolandini
2414 2451 2474 2504 et
2508 2444 2929 2507 Stradacorta
2945 2465 3049 2526 gg.
3074 2444 3183 2524 qd.
3207 2446 3543 2507 Bel-nardi.

1091 2540 1409 2602 Albertini
1447 2538 1558 2619 qd.
1603 2540 1922 2601 Museiori.
1956 2538 2233 2601 Rolandi
2261 2540 2369 2618 qd.
2400 2541 2574 2621 Ughi
2603 2548 2683 2602 tt.
2718 2541 3050 2604 Rolandus
3076 2562 3157 2602 ss.
3188 2540 3543 2604 Gaii-ardus

1093 2638 1491 2716 iurisperitus
1545 2658 1627 2698 ss.
1751 2636 2137 2699 Lambertus
2182 2644 2320 2699 not.
2364 2642 2547 2718 regiS.
2674 2638 2921 2701 Eadem
2960 2658 3074 2701 orn.
3114 2640 3433 2701 Genu-dus
3474 2648 3543 2702 et

1089 2736 1394 2797 Albertus
1433 2742 1500 2796 et
1541 2734 1894 2797 Guilicione
1934 2738 2250 2798 miserunt
2288 2736 2719 2798 Tebertellum
2762 2740 2829 2799 in
2870 2738 3169 2801 manibus
3208 2738 3547 2801 Guittardi

1087 2838 1156 2897 in
1197 2836 1336 2895 vice
1377 2833 1638 2914 Rogerii
1675 2852 1798 2912 ep..
1843 2838 1921 2893 ut
1962 2834 2249 2894 mitteret
2289 2854 2437 2895 eum
2476 2837 2545 2895 in
2585 2836 2999 2915 possessione.

1473 2966 1634 3027 Vozt.
1670 2964 1908 3027 AVesc.
1938 2986 1991 3025 s.
2028 2964 2178 3026 XII
2206 2966 2331 3028 dec.
2362 2967 2403 3027 2
2429 2986 2493 3028 n.
2525 2967 2565 3026 5
2592 2966 2744 3045 Gop.
2788 2986 2841 3028 s.
2871 2968 3035 3030 XII.
3081 2968 3261 3030 Liber
3302 2970 3546 3033 iuriam

1408 3062 1505 3126 12'
1545 3064 1648 3125 cit.

1094 3316 1226 3375 151.
2556 3314 3002 3386 Pabbrica,17
3042 3314 3317 3376 Febr-war
3358 3314 3540 3379 1115.

1209 3410 1471 3481 MCXV,
1505 3409 1677 3471 XIII
1718 3409 1844 3470 kal
1883 3416 2097 3482 mart„
2132 3408 2263 3470 ind.
2295 3408 2483 3471 VIII.
2568 3410 3067 3491 Raginerius
3106 3430 3318 3472 comes
3353 3410 3400 3471 f.
3431 3410 3539 3490 qd.

1089 3508 1422 3589 Baginerii
1463 3508 1716 3567 comitis
1739 3508 1788 3583 ’)
1829 3525 1948 3584 pro
1993 3506 2277 3569 remedio
2316 3510 2531 3568 anime
2560 3527 2720 3579 mee,
2766 3508 2932 3569 Dine
2959 3510 3192 3580 uxoris,
3229 3508 3433 3587 patris
3473 3516 3543 3568 et

1091 3608 1314 3669 matris
1356 3604 1526 3666 dono
1566 3605 1719 3665 eccl.
1764 3624 1815 3664 e.
1859 3604 2062 3665 Mario
2102 3610 2170 3665 et
2212 3624 2263 3663 s.
2307 3603 2644 3666 Benedicti
2688 3606 2755 3667 in
2794 3586 3113 3677 Mori-ona,
3158 3606 3222 3667 in
3263 3622 3397 3684 qua
3420 3604 3539 3666 Ge-

1089 3702 1314 3764 rardus
1343 3700 1545 3763 abbas
1573 3703 1888 3776 consistit,
1920 3722 2130 3762 meam
2159 3708 2411 3782 partem
2440 3702 2521 3763 de
2550 3706 2735 3764 terris
2762 3705 2831 3765 in
2864 3703 2971 3763 illo
3012 3709 3321 3781 pantanO,
3365 3704 3541 3783 quod

1063 3792 1267 3863 'dicta
1306 3800 1453 3861 eccl.
1501 3800 1851 3878 adquisivit
1895 3798 1979 3861 ab
2020 3799 2333 3879 Ugicione
2358 3802 2405 3877 ⁸)
2448 3802 2684 3861 comite
2724 3807 2792 3862 et
2832 3801 2991 3861 Gilia
3032 3820 3231 3863 uxore
3264 3808 3332 3863 et
3358 3801 3543 3875 filiis;

1086 3916 1232 3975 pen.
1277 3897 1456 3976 dupli
1497 3904 1563 3957 et
1604 3898 1862 3974 insuper
1905 3916 2035 3975 arg.
2082 3895 2189 3957 lib.
2235 3896 2307 3955 L.
2414 3896 2607 3957 Hact.
2664 3896 2937 3959 Fabrica
2989 3896 3159 3959 infra
3194 3897 3447 3976 plebem
3488 3918 3542 3958 s.

1083 3995 1303 4056 Marie.
1387 3994 1449 4055 S.
1495 4014 1581 4053 m.
1627 3992 1976 4073 Baginerii.
2019 3993 2340 4054 Albertini
2380 3994 2425 4053 f.
2472 3992 2580 4072 qd.
2624 3993 3027 4055 Eldibrandi.
3072 3994 3312 4056 Goffuli
3352 3994 3398 4056 f.
3430 3995 3545 4073 qd.

1083 4091 1416 4155 GuidoniS.
1460 4091 1762 4153 Prunetti
1802 4090 1850 4150 f.
1897 4090 2006 4169 qd.
2052 4091 2384 4152 Sembiani.
2444 4092 2469 4171 [
2477 4138 2633 4151 .....
2640 4092 2779 4172 ]ani
2830 4092 2876 4153 f.
2936 4092 3403 4173 Ragimundini
3456 4100 3543 4155 tt.

1085 4191 1297 4253 Guido
1337 4196 1473 4251 not.
1519 4210 1568 4250 s.
1614 4190 1739 4269 pal.

1418 4323 1575 4386 Vozt.
1611 4323 1850 4385 AVesc.
1882 4344 1934 4385 s.
1960 4323 2109 4384 XII
2134 4324 2258 4384 dec.
2293 4324 2332 4385 2
2359 4344 2423 4385 n.
2456 4325 2495 4385 6
2522 4324 2694 4402 Oriq.

1236 4610 1276 4677 ¹)
1315 4614 1426 4663 Der
1463 4612 1606 4661 letzto
1645 4612 1994 4673 Kadolinqer,
2030 4629 2073 4665 ε.
2096 4615 2409 4665 Davideohn
2447 4614 2744 4665 Geschichte
2770 4616 2803 4665 1
2831 4618 2933 4667 371
2960 4617 3077 4667 *md
3100 4615 3481 4680 Fornohunqon
3506 4618 3545 4669 Ι

1090 4702 1174 4751 84.
1217 4702 1301 4759 89,
1338 4716 1416 4750 wo
1451 4701 1646 4751 andere
1689 4700 1985 4752 Urkunden
2023 4702 2113 4753 der
2152 4704 2253 4751 Art
2287 4704 2601 4754 verzeichmt
2636 4704 2780 4753 sind.
2960 4705 3005 4766 ⁸)
3044 4704 3167 4755 Aut
3200 4704 3318 4756 cleon
3351 4704 3551 4758 Ham

1089 4789 1460 4849 Gherardeeca,
1494 4803 1539 4838 ε.
1575 4804 1630 4837 n.
1675 4791 1786 4841 145.
1936 4790 1979 4853 ³)
2016 4791 2075 4840 S.
2114 4806 2167 4840 n.
2212 4794 2330 4843 143.
2372 4794 2490 4843 144.
