3817 5642
944 543 1387 602 REGESTUM
1425 546 2112 602 VOLATERRANUM
2652 552 2754 606 167

282 743 427 804 472.
1877 741 2083 819 (Nam
2126 741 2208 804 24
2247 742 2505 820 Ianuar
2545 744 2752 822 1230).

414 841 773 902 Petitiones
812 841 1033 903 Iacobi
1075 842 1511 920 procuratoris
1550 860 1651 920 ep.
1696 845 1763 902 et
1806 837 2072 920 capituli
2111 839 2350 902 Vult.·
2376 849 2603 906 contra
2643 863 2754 922 po-

286 943 601 1002 testatem
630 945 699 1002 et
724 957 997 1002 comune
1024 938 1313 1002 Sancti
1340 937 1829 1002 Geminiani.
1908 939 2056 1002 Pot.
2086 943 2156 1000 et
2183 957 2454 1004 comune
2482 939 2540 1000 S.
2575 940 2751 1002 Gem.

288 1055 441 1097 cum
464 1037 671 1098 arcais
696 1039 741 1112 ¹)
769 1038 1139 1115 episcopum
1170 1035 1348 1099 Vult.
1374 1037 1443 1098 in
1470 1041 1683 1098 castro
1711 1035 2054 1098 Gambassi
2079 1038 2314 1098 veteris
2341 1037 2754 1113 obsederunt,

287 1134 635 1216 lapidibus,
678 1136 954 1216 sagittis,
998 1135 1162 1216 igne,
1193 1133 1511 1198 machinis
1537 1133 1839 1206 leserunt;
1872 1135 2042 1212 petit
2065 1153 2175 1195 eos
2201 1133 2544 1213 dampnari
2565 1143 2754 1215 quat-

288 1239 445 1292 tuor
486 1230 745 1294 milibus
788 1251 982 1294 marc.
1028 1252 1159 1312 arg.
1205 1238 1275 1292 et
1314 1223 1907 1293 excommunicatos
1935 1230 2300 1294 denuntiat.
2387 1233 2604 1295 Poscit
2631 1232 2754 1295 sibi

287 1329 653 1391 adiudicari
690 1327 974 1402 fodrum,
1020 1329 1426 1410 albergarias,
1470 1329 1763 1410 pedagia,
1806 1331 2193 1404 iuramenta,
2237 1331 2558 1392 exercitus
2596 1330 2754 1393 ban-

287 1427 470 1488 ditos
508 1427 719 1489 facere
760 1433 825 1487 et
867 1432 945 1486 ut
984 1425 1177 1490 liceat
1217 1426 1339 1487 sibi
1381 1431 1775 1504 potestatem
1818 1445 1928 1488 seu
1975 1426 2264 1486 consules
2306 1426 2534 1508 eligere
2562 1433 2629 1490 et
2657 1449 2754 1490 sa·

286 1525 517 1585 tisfieri
556 1523 637 1585 de
679 1523 1033 1585 subtractis
1075 1526 1144 1585 in
1185 1525 1470 1603 quinque
1512 1523 1687 1584 milia
1729 1543 1921 1585 marc.
2029 1524 2204 1584 Petit
2245 1525 2755 1587 satisfactionem

287 1622 747 1704 dampnorum,
792 1623 1254 1694 incendiorum,
1298 1623 1669 1701 rapinarum
1712 1623 1783 1684 in
1810 1623 1990 1682 curia
2017 1623 2213 1682 castri
2240 1623 2453 1704 Nigro,
2487 1624 2753 1688 Montis-

285 1719 557 1792 castelH,
602 1719 751 1781 ville
793 1719 1017 1780 Sancti
1058 1719 1392 1792 Dalmatii,
1436 1719 1587 1784 ville
1628 1719 1835 1799 plebis
1876 1719 1960 1780 de
2000 1719 2237 1793 Silano,
2283 1721 2459 1798 apud
2490 1723 2753 1784 Bistub-

288 1819 493 1890 bium,
540 1816 888 1880 molendini
928 1818 999 1879 in
1038 1819 1215 1879 curia
1254 1817 1751 1898 Mont-istignosi‚
1796 1817 2284 1898 Villammagne,
2329 1817 2660 1882 Gambasii
2690 1821 2756 1884 in

285 1915 421 1974 duo
441 1913 623 1976 milia
642 1933 837 1975 maro.
922 1915 1051 1976 Pro
1072 1915 1417 1976 destructis
1440 1915 1666 1976 castris
1688 1913 1918 1986 Foscii,
1949 1913 2211 1984 Casalie,
2236 1915 2477 1977 Montis
2506 1917 2754 1992 munti,

284 2013 559 2086 Casone,
602 2011 771 2072 Colle
812 2012 1123 2085 Muscioli,
1155 2009 1431 2084 Citerne,
1464 2005 1745 2082 Eur-iani,
1776 2011 1997 2074 Sancti
2019 2013 2315 2086 vittam-is,
2346 2013 2753 2092 Camporem·

284 2109 529 2188 pliano,
580 2106 725 2169 ville
752 2107 1027 2180 Castelli,
1073 2109 1412 2169 domorum
1444 2111 1775 2170 vinearum
1805 2109 2176 2180 reddituum
2221 2109 2600 2173 animalium
2629 2112 2755 2173 tria

282 2207 469 2268 milia
510 2225 705 2268 marc.
792 2207 918 2268 Pro
958 2208 1337 2268 executione
1376 2209 1443 2268 iu
1484 2209 1795 2288 pecuniis,
1842 2207 2016 2279 vine,
2073 2206 2287 2277 blado,
2333 2207 2472 2268 aliis
2515 2210 2584 2270 in
2621 2210 2754 2288 ple·

281 2305 481 2366 bibus
522 2303 747 2367 Sancti
774 2304 1157 2375 Geminiani,
1190 2305 1271 2366 de
1298 2303 1571 2378 Cellulis,
1602 2303 1893 2378 Chianni,
1928 2307 2406 2386 Montistignosi
2435 2313 2504 2368 et
2531 2327 2753 2370 earum

283 2400 749 2482 cappellamm,
794 2403 1117 2464 canonicis
1158 2422 1209 2462 s.
1254 2401 1536 2470 Eusebii‚
1575 2402 2036 2466 Castriveneris
2059 2407 2128 2479 ²),
2161 2401 2498 2476 Guinzani,
2529 2407 2752 2480 Varni,

284 2499 576 2562 abbatiis
619 2499 701 2560 de
743 2499 934 2563 Elmi.
979 2500 1256 2562 Cei-reto.
1302 2499 1580 2570 Muchio‚
1626 2498 1793 2562 MCC
1838 2519 2032 2562 marc.
2119 2497 2478 2580 compellat
2503 2509 2640 2584 pot.
2686 2509 2755 2568 et

284 2615 567 2657 comune
607 2595 671 2658 S.
718 2597 919 2670 Gom„
951 2603 1029 2658 ut
1056 2595 1415 2658 dissolvant
1442 2598 1954 2659 coniurationem
1984 2617 2132 2658 cum
2162 2600 2421 2658 comuni
2449 2599 2530 2660 de
2558 2598 2747 2664 Colle.

283 2693 671 2766 Interdicat,
716 2713 798 2755 ne
838 2712 1111 2755 comune
1154 2694 1215 2755 S.
1262 2693 1441 2754 Gem.
1488 2693 1804 2766 collectae,
1836 2695 2360 2768 iurisdictionem,
2391 2695 2628 2770 banna,
2657 2697 2752 2760 fo—

282 2791 560 2853 risfacta
599 2798 897 2854 exerceat
929 2793 997 2853 in
1030 2792 1411 2854 comunibus
1439 2791 1501 2852 S.
1534 2790 1739 2864 Gom„
1768 2791 2094 2873 Ulignani,
2128 2793 2460 2867 Puliciani,
2491 2795 2752 2866 Muchii,

282 2888 635 2950 Gambassi
696 2891 845 2952 novi
904 2897 969 2950 et
1032 2892 1288 2962 veteris,
1354 2889 1851 2971 Montistignosi‚
1919 2889 2386 2960 CastriveterIs.
2454 2893 2748 2966 Pichene,

281 2985 564 3048 aliorum
608 2991 965 3048 castrorum
1008 2993 1070 3046 et
1118 2985 1419 3048 villarum
1460 2989 1890 3068 episcopatus„
1989 2987 2130 3048 Hec
2184 2990 2485 3052 comunia
2545 2989 2752 3050 absol-

282 3089 537 3146 vantur
576 3104 617 3144 a
658 3085 1056 3158 iuramentis,
1102 3103 1225 3164 que
1268 3084 1391 3145 sibi
1430 3089 1720 3162 prestare
1760 3084 2233 3164 compulerunt,
2277 3089 2354 3145 ut
2395 3087 2484 3146 eis
2525 3094 2590 3146 et
2622 3089 2754 3147 suis

281 3183 648 3244 rectoribus
690 3181 1045 3254 obedirent,
1090 3189 1345 3243 statuta
1386 3189 1736 3254 servarent,
1780 3203 1896 3264 per
1937 3203 2044 3243 eos
2073 3189 2349 3245 rectores
2379 3184 2751 3262 reciperent,

280 3280 477 3341 datia
515 3279 765 3350 darent,
806 3300 925 3360 pr‚o
964 3284 1055 3342 eis
1096 3281 1351 3342 hostem
1392 3287 1459 3340 et
1488 3280 1891 3342 cavalcatam
1921 3280 2208 3344 facerent
2238 3283 2304 3341 in
2329 3281 2752 3360 preiudicium

278 3397 411 3456 ep.;
456 3383 717 3440 extorta
758 3381 1205 3450 restituantur,
1251 3397 1377 3458 que
1420 3379 1751 3440 existimat
1794 3381 2183 3459 quingentas
2226 3378 2330 3440 lib.
2378 3378 2505 3440 Pis.

622 3477 781 3538 Volt.
828 3477 1067 3538 AVeec.
1114 3477 1285 3555 App.
1329 3497 1380 3538 ε.
1426 3475 1615 3538 XIII
1654 3477 1812 3554 Paq.
1858 3499 1918 3538 n.
1966 3478 2004 3537 4
2045 3477 2217 3558 Oriq.
2267 3477 2588 3555 (Minute).

278 3771 431 3832 473.
1918 3771 2218 3843 Volterra‚
2263 3772 2301 3831 4
2345 3771 2529 3832 Mc‘irz
2569 3771 2751 3833 1230.

413 3865 941 3929 Mocxxvnn.
967 3865 1429 3936 ind.111,1111
1461 3887 1608 3930 non.
1644 3873 1829 3928 mart.
1904 3868 2271 3948 Paganus
2299 3867 2477 3929 Vult.
2509 3889 2604 3947 ep.
2637 3888 2754 3948 pro

278 3961 720 4044 deobligando
762 3963 957 4042 podio
1000 3963 1275 4024 Folliani
1316 3966 1383 4025 in
1449 3963 1808 4026 confinibus
1865 3965 2041 4026 Vult.
2101 3965 2408 4036 civitatis,
2467 3964 2754 4048 obligato

278 4059 678 4122 Cancellerio
720 4059 990 4122 Pinochi
1028 4063 1155 4121 civi
1196 4060 1373 4122 Vult.
1418 4082 1537 4140 pro
1578 4081 1815 4142 magna
1842 4063 2110 4140 pecunie
2139 4080 2413 4137 summa,
2459 4062 2756 4123 vendidit·

278 4157 419 4240 pro¹
450 4157 603 4222 OOC
642 4157 752 4220 lib.
797 4157 943 4218 den.
992 4158 1169 4219 Vult.
1218 4159 1499 4222 Martino
1540 4160 1765 4221 abbati
1808 4180 1855 4220 s.
1902 4159 2071 4220 Iusti
2113 4159 2291 4220 Vult.
2323 4159 2614 4220 redditus
2639 4179 2752 4240 po-

275 4253 475 4318 deriS.
559 4255 705 4316 Act.
751 4254 930 4316 Vult.
974 4257 1043 4316 in
1083 4257 1266 4318 curia
1302 4253 1565 4320 abbatie
1658 4275 1873 4318 coram
1917 4255 2128 4334 presb.
2172 4256 2454 4318 Pariscio
2510 4263 2752 4320 rectore

276 4349 435 4414 eccl.
480 4371 533 4410 s.
578 4349 809 4432 Angeli
856 4350 1257 4430 (Michaelis).
1302 4352 1623 4414 Rusticho
1667 4359 1912 4413 rectore
1955 4351 2106 4414 cccl.
2139 4372 2188 4414 s.
2223 4349 2556 4430 Stephani.
2587 4353 2750 4416 Mar-

276 4451 425 4512 tino
467 4447 803 4526 capellano
838 4468 941 4529 ep.
1028 4449 1329 4532 Pagauus
1370 4468 1469 4528 ep.
1516 4449 1921 4512 Lanfrancus
1961 4449 2306 4512 archidiac.
2341 4449 2560 4512 Presb.
2597 4450 2750 4514 Bro-

274 4547 517 4607 cardus
557 4565 698 4606 can.
745 4546 963 4608 Presb.
999 4547 1317 4609 Ranerius
1347 4567 1488 4608 can.
1534 4547 1963 4609 Ildebrandus
2006 4569 2146 4608 can.
2198 4548 2567 4608 Tancredus
2609 4569 2748 4610 can.

430 4750 475 4818 ¹)
522 4769 582 4798 z
624 4753 864 4811 arcariiS,
902 4753 1350 4815 Boqenechiitaeen.
1500 4757 1540 4816 ι·“)
1577 4755 1763 4805 sicher
1786 4755 2166 4815 Schreibselder
2187 4755 2284 4816 fiir
2309 4755 2690 4808 Caetrivstert's.
