3817 5642
1047 554 1150 607 142
1687 551 2135 607 REGESTUM
2175 548 2859 605 VOLATERRANUM

1366 648 1481 653 —.—....-
1498 648 1561 653 --.
1640 648 1709 654 ..——.
1736 646 1894 654 -————-
3379 646 3497 653 ''—

1041 745 1448 825 presentibus
1488 747 1782 826 partibus
1807 754 1876 809 et.
1903 748 2218 826 magist-ro
2244 748 2504 809 Pedone
2532 746 2741 825 presb.
2772 746 2989 807 Presb.
3016 746 3261 827 Angelo
3285 768 3334 807 s.
3368 748 3505 807 Ma·

1043 844 1310 907 miliani:
1375 844 1594 906 Presb.
1637 845 1945 906 Anselmo
2003 863 2053 906 s.
2120 844 2455 924 Symeonis
2516 845 2599 906 de
2658 844 2991 905 Perlasci0.
3048 844 3277 925 Ugone
3332 845 3500 907 diac.

1045 940 1408 1013 MCCXXI,
1451 942 1582 1003 ind.
1618 941 1839 1014 VIIII,
1871 942 1929 1003 V
1958 942 2084 1003 kal.
2128 941 2258 1002 feb.
2344 941 2787 1021 Bonalbergus
2825 941 2931 1020 qd.
2966 940 3263 1003 Venti-ilii
3301 944 3506 1022 impe·

1044 1040 1278 1101 tatoris
1318 1040 1514 1101 iudex
1553 1044 1624 1101 et
1663 1046 1802 1102 not.

1368 1137 1632 1199 Florem
1671 1138 1824 1199 AS&
1857 1139 2053 1215 (Vozt.
2084 1158 2146 1199 n.
2176 1138 2323 1214 210)
2354 1138 2528 1215 Oria.

1047 1332 1188 1393 400.
2684 1333 2861 1404 Pisa,
2906 1334 2987 1395 29
3026 1335 3281 1396 «Ianuar
3320 1336 3500 1397 1221.

1165 1414 1450 1507 V(italis)
1497 1432 1768 1492 Pisanus
1821 1432 2125 1511 archiep„
2169 1452 2319 1493 cum
2374 1432 2727 1493 Mainettus
2780 1433 3085 1513 syndicus
3136 1435 3509 1495 comunis

1051 1528 1264 1589 Vult.
1299 1547 1339 1588 a
1367 1532 1692 1591 sententia
1712 1530 1846 1591 lata
1877 1530 2127 1609 abipso
2153 1531 2431 1609 archiep.
2456 1536 2525 1591 et
2546 1530 2889 1607 Soffr(edo)
2912 1550 3053 1593 can.
3080 1532 3315 1593 Pisano
3336 1552 3507 1611 pape

1045 1624 1368 1687 iudicibus
1391 1626 1708 1706 delegatis
1733 1628 1802 1689 in
1829 1648 2024 1689 causa
2050 1628 2221 1689 inter
2250 1628 2731 1707 Arringherium
2756 1631 3269 1709 crucesignatum
3296 1632 3509 1691 civem

1049 1721 1225 1783 Vult.
1271 1728 1338 1783 et
1379 1724 1695 1786 sindicum
1739 1726 2145 1805 appellasset,
2190 1744 2319 1787 non
2362 1726 2602 1787 detulit
2642 1723 3080 1805 appellationi.
3165 1728 3309 1788 Act.
3342 1728 3507 1788 Pisis

1047 1820 1116 1881 in
1157 1822 1336 1881 curia
1375 1822 1652 1901 archiep.
1697 1824 1764 1884 in
1805 1842 2061 1885 camera
2100 1826 2317 1903 ipsius.
2402 1824 2632 1903 Ugone
2674 1824 2911 1885 Grotti.
2942 1824 3287 1887 Lamborto
3328 1825 3513 1886 dicto

1051 1916 1236 1979 Gallo
1257 1920 1639 1997 iurisperito.
1665 1920 1943 1983 Vivaldo
1968 1922 2201 1983 nuntio
2228 1922 2503 2000 archiep.
2572 1922 2928 1995 ΜΟΟΧΧῙ,
2954 1922 3083 1983 ind.
3108 1922 3329 1995 VIIII,
3360 1922 3511 1983 IIII

1048 2012 1178 2074 kal.
1219 2014 1350 2076 feb.
1467 2015 1796 2079 Soffredus
1836 2038 1975 2079 can.
2028 2018 2322 2079 similiter
2374 2038 2501 2079 non
2558 2019 2815 2081 detulit.
2915 2020 3059 2080 Act.
3104 2021 3265 2081 Pisis
3318 2022 3509 2081 iuxta

1051 2112 1338 2175 hostium
1379 2113 1629 2187 domus,
1661 2116 1728 2175 in
1757 2134 1888 2193 qua
1931 2122 2266 2177 morantur
2308 2136 2447 2178 can.
2494 2138 2542 2177 s.
2576 2120 2775 2179 Marie
2804 2120 3078 2179 maioris.
3165 2119 3513 2198 cholotto

1051 2210 1320 2289 syndico
1359 2214 1834 2275 canonicorum.
1880 2214 2233 2275 Bonamico
2274 2215 2437 2275 diac.
2484 2216 2918 2276 Bonricovaro
2952 2216 3059 2294 qd.
3106 2218 3515 2278 Bonaiuncte

1052 2306 1133 2369 de
1175 2307 1345 2369 volt.
1391 2315 1474 2371 tt..
1559 2309 1902 2373 Hubaldus
1944 2312 2049 2391 qd.
2096 2312 2403 2373 Robulini
2446 2314 2631 2374 Fred.
2676 2315 2832 2392 imp.
2862 2314 3058 2375 iudex
3098 2320 3169 2375 et
3208 2322 3339 2375 not.

1376 2408 1638 2470 Florem
1679 2408 1834 2469 Ast.
1869 2409 2059 2483 (Volt.
2088 2430 2153 2471 π.
2186 2411 2303 2471 211
2314 2418 2329 2474 )
2370 2411 2543 2487 Θήῃ.

1053 2607 1195 2667 401.
2666 2608 2844 2679 Rom,
2889 2609 2971 2669 17
3010 2610 3287 2671 Februar
3323 2612 3513 2673 1221.

1175 2702 1592 2763 Honorius
1633 2704 1766 2765 III
1809 2703 2099 2782 (Iacobo)
2142 2706 2527 2785 archipresb.
2572 2712 2641 2767 et
2668 2708 2979 2786 magistro
3008 2708 3415 2771 Aldebrando
3438 2716 3515 2771 et

1051 2799 1386 2861 Tancredo
1411 2802 1733 2862 canonicis
1764 2802 1939 2863 Vult.
2026 2805 2266 2865 Narrat
2292 2805 2583 2865 consules
2624 2812 2691 2866 et
2732 2824 3001 2867 comune
3030 2806 3206 2867 Vult.
3251 2808 3511 2887 petisse,

1053 2898 1249 2977 quod,
1295 2916 1442 2959 cum
1484 2899 1654 2959 inter
1693 2900 1864 2978 ipsos
1905 2906 1975 2961 et
2016 2902 2453 2981 Arringerium
2508 2904 2715 2964 civem
2758 2903 2935 2964 Vult.
2980 2922 3173 2983 super
3226 2905 3515 2983 quadam

1052 2997 1322 3074 pecunie
1363 3016 1617 3057 summa
1657 3017 1874 3059 coram
1933 3000 2180 3075 (vitali)
2232 3000 2711 3080 archiepiscopo
2751 3002 2985 3062 Pisano
3028 3010 3095 3063 et·
3134 3003 3385 3083 collegis
3426 3023 3517 3064 ex

1053 3093 1456 3172 delegatione
1497 3114 1600 3173 ap.
1645 3098 1900 3173 questio
1942 3100 2045 3170 sit,
2090 3100 2181 3157 eis
2220 3096 2461 3157 iudices
2504 3098 2617 3159 det
2671 3098 2856 3159 iuxta
2904 3098 3315 3163 diffinitivam
3368 3122 3520 3162 sen-

1057 3193 1332 3252 tentiam
1361 3195 1426 3268 Ι),
1471 3212 1508 3251 a
1551 3212 1682 3272 qua
1724 3195 2151 3271 appellarunt.
2200 3196 2486 3270 Mandat,
2518 3202 2841 3276 quatenus
2868 3200 3258 3260 sententiam
3284 3198 3523 3259 confir-

1057 3294 1239 3349 ment
1281 3289 1382 3350 vel
1424 3290 1772 3363 infirment,
1817 3294 2096 3369 provism
2140 3312 2221 3353 ne
2264 3294 2420 3371 quid
2460 3312 2800 3355 usurarum
2844 3297 3101 3356 nomine
3142 3296 3515 3358 subveniat.

1057 3386 1409 3447 «Consules
1435 3392 1506 3449 et
1532 3408 1872 3451 commune
1893 3411 1941 3452 ι.
2026 3391 2182 3451 Dat.
2228 3394 2531 3453 Laterani
2574 3392 2751 3454 XIII
2796 3393 2923 3453 kal.
2968 3399 3183 3460 mart..
3218 3401 3396 3472 pont.
3432 3397 3518 3457 V.

1390 3485 1548 3547 Volt.
1595 3486 1814 3565 AOap.
1845 3508 1907 3550 n.
1940 3489 2061 3549 202
2088 3488 2257 3566 Oriq.
2291 3490 2509 3566 (Bulla
2546 3510 2633 3551 an
2674 3490 3125 3569 Hanseohnur).

1063 3777 1200 3836 402.
2556 3786 2977 3859 Volterra,17
3016 3788 3295 3851 Februar
3333 3790 3520 3851 1221.

1181 3873 1467 3935 Belforte
1507 3882 1576 3937 et
1617 3877 1938 3939 Curradus
1967 3880 2073 3957 qd.
2082 3880 2585 3945 ¹B0nafidanthe
2612 3886 3067 3947 constituimus
3092 3886 3358 3949 fratrem
3400 3908 3519 3949 no-

1060 3978 1266 4033 strum
1309 3972 1668 4051 Sigherium
1709 3984 2192 4053 procuratorem
2234 3981 2299 4040 in
2340 4001 2535 4041 causa
2575 4001 2791 4043 coram
2820 3982 2968 4043 abb.
3001 4004 3049 4045 s.
3082 3982 3407 4049 Michaelis
3434 3992 3533 4053 de

1059 4070 1278 4149 Burgo
1319 4076 1387 4131 et
1427 4092 1477 4131 s,
1521 4072 1850 4133 Michaelis
1891 4074 1973 4134 de
2014 4074 2341 4137 Discaltiis
2382 4084 2451 4139 et
2490 4078 2873 4157 archipresb.
2908 4080 3083 4142 Vult.
3112 4085 3155 4159 ²)
3200 4086 3525 4149 iudicibus

1061 4188 1100 4227 a
1140 4188 1308 4247 pape
1351 4169 1660 4249 delegatis
1709 4178 1935 4232 contra.
1991 4192 2327 4237 comune
2384 4176 2597 4239 Vult.
2700 4179 2841 4239 Act.
2900 4178 3077 4241 Vult.
3122 4182 3190 4241 in
3243 4190 3527 4263 apoteca

1061 4268 1384 4327 canonice.
1471 4269 1867 4330 Bernardino
1909 4271 2186 4348 plebano
2228 4274 2308 4333 de
2348 4275 2609 4337 Toiano.
2644 4276 2858 4336 Presb.
2907 4276 3087 4338 Bello
3128 4300 3266 4341 can.
3310 4283 3527 4361 plebis

1062 4363 1286 4424 Clanni
1328 4366 1408 4425 de
1451 4365 1807 4427 Gambasso
1847 4374 1917 4429 et
1960 4370 2279 4449 Arrigerio
2308 4374 2541 4433 Mazuli
2568 4376 3013 4455 crucesignato
3041 4382 3121 4438 tt.
3192 4379 3533 4453 MOCXX,

1065 4461 1240 4523 XIII
1281 4462 1407 4523 kal.
1453 4470 1668 4537 mart„
1711 4466 1842 4526 ind.
1887 4467 2109 4529 VIIII.
2196 4469 2471 4530 Iacobus
2514 4490 2562 4531 s.
2608 4473 2761 4551 imp.
2806 4480 2941 4537 not.

1385 4561 1650 4623 morem
1689 4563 1841 4624 Ast.
1873 4565 2067 4641 (Vozt.
2094 4567 2257 4628 1220
2284 4568 2364 4628 11
2391 4569 2488 4640 17,
2534 4589 2593 4630 n.
2627 4571 2773 4649 196)
2816 4573 3229 4653 qleichzeitiqe
3266 4576 3423 4655 Gop.

1212 4765 1255 4826 ¹)
1293 4764 1440 4815 Obcn
1473 4782 1526 4817 n.
1567 4769 1688 4819 399.
1837 4772 1878 4832 ²²)
1919 4771 2141 4822 Iacobo,
