3817 5642
1149 542 1258 595 216
1791 542 2235 597 REGESTUM
2274 544 2965 599 VOLATERRANUM

1153 738 1378 799 stofori
1417 738 1502 799 de
1543 738 1906 799 Tholomeis
1948 740 2029 799 de
2072 738 2271 807 Senis,
2318 740 2488 817 prior
2540 739 2623 801 de
2676 740 2999 810 SalteanO,
3042 758 3183 800 can.
3228 740 3367 800 Seu.
3412 740 3597 818 Ray·

1153 837 1380 897 nerio
1419 855 1520 914 ep.
1567 836 1744 897 Vult.
1789 838 2034 897 remisit
2074 838 2217 897 iura
2258 854 2375 915 pro
2416 856 2536 898 sua
2578 844 2759 916 parte
2798 838 2881 899 de
2920 837 3143 899 debito
3196 857 3309 899 sex
3366 839 3597 899 milium

1155 952 1347 995 merc.
1393 952 1546 1013 arg..
1591 952 1710 1013 pro
1759 952 1888 1012 quo
1932 934 2295 1015 Raynerius
2336 935 2577 995 electus
2628 935 2785 996 olim
2838 935 3163 1015 obligatus
3216 934 3343 995 fuit
3400 937 3597 1005 Petro,

1157 1030 1632 1103 Bai-tholomeo,
1689 1030 1983 1091 Renaldo
2044 1030 2189 1091 filiis
2246 1032 2353 1111 qd.
2412 1031 2789 1093 christofori
2842 1032 3063 1093 Iacobi
3092 1034 3159 1107 ¹),
3210 1032 3488 1094 Henrico
3536 1042 3598 1093 et

1154 1127 1406 1189 Andree
1447 1127 1554 1205 qd.
1601 1128 1841 1195 Iacobi.
1886 1126 2175 1190 Orlando
2216 1134 2285 1189 et
2326 1126 2657 1190 Bonifatio
2698 1130 2807 1208 qd.
2842 1127 3273 1208 Bonsignoris,
3314 1132 3469 1189 item
3498 1131 3595 1188 tri·

1151 1225 1336 1305 ginta
1377 1226 1624 1286 milium
1667 1224 2095 1287 ducentarum
2140 1224 2247 1287 lib.
2294 1228 2437 1287 den.
2484 1226 2653 1296 Sen.,
2698 1246 2812 1305 pro
2840 1225 3075 1304 quibus
3104 1226 3343 1287 electus
3374 1228 3595 1287 eisdem

1151 1322 1570 1383 societatibus
1609 1321 1935 1401 obligatus
1974 1322 2123 1394 fuit;
2168 1342 2247 1383 ex
2289 1322 2525 1400 quibus
2565 1342 2711 1383 cum
2742 1322 2827 1383 ad
2852 1340 3039 1383 suam
3066 1324 3461 1390 societatem,
3484 1340 3597 1399 que

1153 1426 1422 1479 vocatur
1449 1421 1720 1479 societas
1747 1420 2024 1479 filiorum
2054 1420 2275 1481 Iacobi
2306 1420 2386 1480 de
2421 1420 2659 1484 Platea.
2678 1420 3041 1499 pertineant
3063 1419 3405 1480 duodecim
3436 1421 3593 1479 milia

1151 1519 1620 1597 quadringente
1663 1520 2049 1597 octuaginta
2086 1538 2201 1579 sex
2228 1519 2339 1579 lib.
2370 1519 2589 1579 decem
2622 1518 2757 1591 sol..
2788 1537 2938 1597 pars
2972 1537 3091 1577 sua
3130 1524 3231 1579 est
3272 1518 3297 1597 [
3306 1564 3487 1579 ......
3494 1519 3595 1596 ]¹).

1154 1615 1338 1676 Bona
1379 1616 1666 1693 obligata
1709 1622 1777 1675 et
1831 1617 2219 1677 nominatim
2274 1634 2599 1677 caesarum
2642 1615 2937 1677 Monterii
2996 1636 3145 1677 cum
3188 1614 3597 1695 proventibus

1152 1711 1770 1791 argentifodinarum
1829 1712 2129 1773 liberavit
2184 1718 2252 1773 et
2306 1713 2615 1773 rest-ituit.
2716 1714 2855 1773 Act.
2914 1712 3091 1791 apud
3146 1714 3593 1774 monasterium

1151 1828 1204 1871 s.
1247 1810 1537 1889 Galgani.
1650 1809 1917 1870 Alberto
1958 1808 2235 1889 plebano
2288 1810 2369 1871 de
2424 1810 2735 1871 Gerfalco.
2790 1810 3157 1871 Primerano
3206 1810 3481 1889 plebano
3522 1809 3595 1869 de

1153 1908 1682 1985 Ripamarrancia
1723 1907 1898 1967 Vult.
1949 1906 2107 1967 dioc.
2140 1902 2473 1986 Cia‘mpolo
2498 1908 2705 1985 priore
2732 1908 2813 1967 de
2840 1907 3059 1969 Sciata
3084 1906 3231 1969 Sen.
3254 1908 3415 1968 dioc.
3438 1908 3591 1967 Mar·

1151 2006 1292 2067 tino
1345 2006 1552 2084 priore
1607 2006 1688 2065 de
1737 2006 1927 2067 Colle.
1972 2004 2267 2066 Guidone
2310 2006 2417 2084 qd.
2472 2005 2783 2067 Guidonis
2828 2006 2909 2065 de
2958 2004 3289 2067 Ubertinis
3336 2012 3415 2067 tt.
3494 2004 3591 2065 Ia·

1153 2100 1350 2163 cobus
1401 2104 1642 2163 Posche
1685 2102 1880 2163 iudex
1922 2108 1993 2163 et
2034 2108 2165 2163 not.

1479 2199 1638 2261 Volt.
1685 2200 1927 2262 AVesc.
1970 2220 2022 2261 s.
2068 2200 2255 2261 XIII
2296 2201 2417 2261 dec.
2461 2200 2502 2261 8
2542 2220 2603 2261 n.
2646 2201 2727 2261 33
2766 2200 2936 2278 Oriq.

1154 2398 1288 2455 820.
2788 2393 2967 2465 Pisa,
3010 2394 3093 2455 20
3130 2394 3385 2455 Jauwar
3422 2393 3589 2454 1276.

1273 2492 1594 2553 Robertus
1639 2492 1991 2553 monachus
2034 2512 2077 2553 s.
2120 2492 2303 2562 Iusti,
2350 2492 2631 2553 sindicus
2673 2493 3043 2553 comunis
3090 2491 3329 2560 Vult...
3372 2492 3590 2552 consti·

1153 2592 1337 2651 tutus
1377 2612 1418 2651 a
1459 2590 1815 2651 Rambcrto
1859 2590 1970 2668 qd.
2018 2590 2267 2650 Nicolai
2311 2592 2391 2650 de
2436 2590 2799 2651 Bazalleriis
2838 2590 2919 2651 de
2946 2588 3241 2650 Bononia
3280 2596 3591 2669 potestate

1153 2688 1331 2751 Vult.
1375 2708 1685 2749 consensu
1729 2689 1972 2749 consilii
2014 2688 2347 2767 generalis,
2396 2694 2466 2749 et
2522 2688 2857 2748 Rainerius
2911 2687 3291 2748 baucherius
3330 2688 3411 2749 de
3456 2706 3589 2765 cap·

1155 2786 1321 2864 pella
1359 2804 1406 2845 s.
1451 2785 1798 2863 Margaritae
1839 2784 1949 2864 qd.
1998 2784 2275 2846 Bandini
2316 2785 2595 2845 sindicus
2635 2784 2853 2845 Pisani
2894 2784 3181 2845 comunis
3238 2804 3589 2863 composue-

1155 2888 1306 2943 runt
1347 2882 1464 2943 hec
1491 2890 1703 2961 pacta:
1771 2884 1904 2943 Pax
1936 2883 2089 2943 olim
2118 2882 2343 2959 inita⁸)
2373 2882 2767 2943 observetur.
2828 2880 3031 2942 Facta
3052 2902 3279 2961 guerra
3300 2880 3434 2943 sive
3462 2882 3590 2941 rob-

1155 2982 1334 3041 baria
1373 3000 1664 3053 comune,
1709 2982 1774 3041 in
1815 2983 1996 3041 cuius
2036 2981 2337 3042 districtu
2380 2986 2585 3041 staret
2624 2980 3017 3041 derobbator
3060 2982 3197 3041 sive
3252 2988 3461 3041 essent
3500 2998 3587 3039 res

1154 3084 1361 3156 capte,
1405 3078 1602 3138 faciet
1659 3078 1986 3137 emendari
2040 3080 2179 3139 sive
2234 3080 2503 3138 restitui.
2622 3078 2769 3138 Non
2823 3076 3249 3156 receptabunt
3303 3080 3589 3157 aliquem,

1155 3178 1266 3255 qui
1306 3174 1519 3235 fecerit
1567 3174 1951 3236 robbariam.
2038 3176 2437 3254 Precipiatur
2474 3174 2747 3255 publice,
2776 3174 2953 3253 quod
2980 3194 3245 3253 persone
3272 3178 3589 3253 utriusque

1157 3272 1402 3333 vadant
1443 3276 1666 3343 securi,
1709 3274 2067 3333 dummodo
2104 3271 2353 3333 nullum
2382 3274 2751 3337 comunium
2795 3279 3098 3334 teneatur
3122 3273 3187 3332 in
3216 3273 3379 3352 plus,
3408 3290 3589 3351 quam

1154 3373 1440 3449 superius
1482 3369 1565 3430 sit
1605 3390 1991 3448 expressam.
2078 3371 2144 3432 Si
2184 3372 2485 3433 robbnria
2526 3372 2643 3433 fiat
2686 3374 2749 3431 in
2794 3371 3091 3432 districtu
3134 3372 3387 3443 Pisano,
3418 3371 3589 3431 liceat

1155 3468 1401 3529 Pisanis
1447 3469 1533 3527 ire
1575 3488 1718 3527 cum
1765 3470 1959 3529 armis
2002 3469 2085 3529 ad
2130 3470 2337 3548 ipsam
2380 3469 2881 3549 recuperandam
2925 3471 2990 3529 in
3032 3468 3399 3531 districtum
3424 3468 3585 3527 Vult.

1153 3572 1220 3626 et
1261 3566 1606 3626 viceversa.
1691 3564 1897 3626 Salvis
1946 3568 2259 3645 preceptis
2302 3568 2465 3646 regis
2508 3566 2737 3627 Karuli
2780 3572 2847 3625 et
2888 3566 3109 3627 vicarii
3136 3568 3292 3638 eius,
3322 3567 3471 3627 dum
3500 3572 3587 3623 ta-

1155 3682 1302 3723 men
1343 3682 1613 3724 comune
1655 3664 1831 3723 Vult.
1875 3684 1954 3725 ea
1996 3666 2283 3725 notificet
2326 3664 2491 3725 infra
2532 3664 2599 3725 X
2640 3664 2795 3737 dies;
2840 3666 3014 3733 item,
3056 3664 3111 3725 si
3138 3664 3387 3725 fact-um
3412 3662 3587 3723 fuerit

1155 3760 1402 3821 Pisanis
1443 3765 1818 3838 preceptum
1860 3778 1900 3821 a
1928 3780 2074 3839 rege
2117 3766 2341 3821 contra
2370 3762 2678 3839 predicta.
2763 3760 2996 3823 Omnia
3022 3762 3457 3841 intelligantur
3484 3758 3589 3817 du·

1155 3876 1313 3929 rare,
1356 3857 1560 3918 donec
1603 3876 1858 3935 presens
1899 3877 2131 3936 guerra
2167 3857 2499 3918 duraverit
2540 3858 2707 3921 inter
2748 3876 3017 3919 comune
3044 3856 3208 3918 Flor.
3238 3864 3307 3917 et
3336 3874 3585 3919 comune

1157 3957 1278 4017 Pis.
1306 3958 1372 4032 ⁴).
1463 3955 1616 4017 Pen.
1659 3956 1794 4016 MM
1837 3976 2031 4016 marc.
2077 3976 2208 4035 arg.
2296 3957 2435 4017 Act.
2484 3956 2643 4016 Pisis
2686 3958 2751 4015 in
2794 3956 2986 4017 domo
3025 3958 3335 4029 comuniS,
3366 3954 3469 4015 ubi
3494 3958 3583 4013 est

1295 4135 1340 4201 ι)
1385 4134 1682 4198 Verqlet’che
1720 4136 1850 4185 oben
1883 4152 1939 4186 n.
1982 4137 2083 4185 670
2120 4137 2235 4185 und
2272 4136 2642 4198 Anmsrkunq.
2774 4136 2817 4201 ¹⁸)
2855 4136 3043 4185 Leoni·
3078 4136 3277 4185 Rama.
3402 4134 3443 4199 ⁸)
3482 4134 3579 4183 Der

1153 4224 1446 4287 Zeitpunkt
1493 4225 1665 4273 dieses
1714 4224 1970 4285 fritherun
2026 4226 2305 4286 Ver-crayae
2342 4227 2415 4274 ist
2452 4226 2599 4273 na‘cht
2641 4225 2811 4274 eicha-
2846 4240 2913 4274 ια
2960 4224 3295 4281 bestimmsm
3346 4222 3581 4273 escuem

1153 4314 1224 4363 ist
1257 4328 1334 4363 on
1368 4314 1472 4363 den
1514 4328 1632 4362 vom
1671 4314 1702 4363 2
1741 4314 1872 4362 Mai
1914 4316 2067 4373 1:370,
2105 4314 2237 4363 oben
2274 4330 2329 4363 n.
2376 4317 2493 4373 791,
2528 4330 2597 4362 zu
2630 4314 2853 4371 denkm,
2892 4312 3201 4373 ἐώνησαι
3234 4312 3415 4374 sedech
3448 4310 3583 4359 leam·

1151 4404 1251 4452 das
1295 4402 1628 4451 Instrument
1675 4402 1766 4451 des
1815 4403 2186 4451 toscanischen
2236 4403 2628 4452 Stddtebundes
2676 4410 2830 4453 unte?
2878 4402 3137 4462 Atlanfmd
3186 4402 3413 4463 omini
3460 4399 3579 4449 sein.

1155 4491 1200 4557 ⁴)
1245 4490 1544 4553 Verqleichc
1598 4490 1780 4539 David
1835 4490 2147 4540 Alexander
2208 4490 2415 4540 Winter
2468 4492 2572 4541 Die
2629 4490 2831 4541 Politik
2888 4490 3053 4539 Pisas
3108 4492 3401 4541 1:368-1282
3452 4486 3579 4535 Seite

1155 4582 1222 4631 ,59
1258 4580 1372 4628 und
1407 4580 1492 4627 die
1537 4579 1989 4640 Verhandlunqen
2028 4582 2190 4628 Pisas
2230 4581 2329 4629 mit
2362 4582 2479 4629 San
2507 4580 2852 4642 Gimiqnarw,
2882 4578 3201 4629 Dat-ideohn
3226 4578 3581 4638 Fomkunqen

1153 4670 1224 4719 ΙΙ
1261 4672 1363 4719 193
1401 4682 1454 4716 n.
1501 4670 1794 4717 1417-1423
1835 4670 1946 4717 und
1990 4668 2195 4717 Winter
2236 4672 2329 4725 56:
2370 4668 2500 4717 volle
2538 4668 2867 4717 Neutralitcit
2902 4668 2981 4715 im
3006 4666 3205 4729 Krie90
3228 4665 3479 4715 zwisalten
3498 4662 3581 4710 der

1149 4755 1512 4807 tomanisehen
1549 4756 1747 4817 Taqlia
1790 4757 1903 4805 und
1958 4758 2095 4805 Pisa
2154 4773 2263 4806 war
2316 4759 2444 4807 eben
2498 4756 2638 4805 auch
2690 4756 2788 4815 fiir
2849 4755 3091 4804 Volterm
3148 4754 3299 4804 nicht
3352 4750 3577 4815 moyliels.
