3817 5642
937 565 1379 621 REGESTUM
1417 564 1739 619 VOLATE
1749 564 2102 617 RRANUM
2642 565 2747 617 269

280 770 522 825 contra
562 784 834 827 comune
860 763 1035 827 Vult.
1121 765 1268 825 Act.
1298 763 1463 825 Flor.
1495 766 1563 825 in
1591 762 1838 843 palatio
1865 764 2172 824 comunis.
2259 760 2595 822 Guilielmo
2631 760 2749 819 Be-

277 861 551 923 rivardi.
597 860 878 922 Berardo
923 868 1052 922 not.
1099 868 1178 922 tt.
1263 861 1590 941 Galganus
1634 862 1736 939 qd.
1783 861 2069 921 Bononis
2108 866 2243 921 not.

411 959 598 1020 Idem
641 958 862 1019 Simon
904 957 1178 1019 Iohanni
1221 960 1461 1019 vicario
1501 960 1686 1025 dixit.
1731 957 1906 1035 quod
1933 957 2165 1019 darent
2190 958 2248 1017 ei
2278 956 2614 1017 consilium
2644 974 2747 1035 ge·

279 1056 527 1128 nerale‚
570 1056 727 1133 quia
765 1073 844 1115 ex
887 1061 1070 1133 parte
1101 1056 1388 1115 comunis
1408 1054 1585 1115 Vult.
1617 1056 1752 1114 eius
1783 1053 2043 1115 volebat
2074 1053 2287 1132 aliqua
2318 1053 2545 1121 dicere;
2574 1051 2749 1130 quod

279 1154 485 1216 iudex
526 1160 596 1215 et
638 1172 748 1214 sex
790 1158 1182 1215 recusarunt.
1229 1154 1566 1233 Exposuit,
1612 1152 1787 1233 quod
1827 1158 2177 1232 postquam
2231 1151 2583 1212 Florentini
2640 1169 2750 1211 no·

280 1255 456 1325 lunt,
503 1252 673 1332 quod
717 1252 1083 1315 Vulterrani
1127 1252 1378 1313 vadant·
1419 1251 1835 1325 Florentiam,
1891 1250 2250 1312 Florentini
2297 1268 2427 1308 non
2486 1250 2751 1309 veniant

281 1351 494 1423 Vult.;
539 1349 716 1428 quod
757 1349 1058 1410 Albertus
1099 1348 1332 1410 Leonis
1387 1349 1579 1409 iudex
1635 1350 1793 1408 civis
1848 1346 2018 1409 Flor.
2076 1348 2347 1408 cessavit
2406 1346 2491 1407 ab
2545 1346 2752 1405 officio

282 1446 743 1527 appellationis
785 1449 852 1507 in
893 1447 1150 1507 comuni
1189 1445 1391 1514 Vult..
1433 1453 1501 1507 et
1541 1445 1717 1525 quod
1758 1448 1969 1525 ipsum
2014 1464 2235 1525 cogere
2277 1444 2531 1517 debeat,
2576 1444 2752 1523 quod

279 1549 678 1607 revertatur.
759 1543 906 1605 Act.
939 1543 1004 1604 in
1031 1544 1275 1621 palatio
1303 1544 1590 1604 comunis
1617 1542 1786 1604 Flor.
1870 1543 2101 1604 Ciardo
2129 1544 2429 1623 numptio
2456 1543 2749 1603 comunis

281 1641 466 1703 Vult.
513 1642 620 1723 qd.
664 1640 926 1702 Salvini.
972 1642 1245 1705 Talento
1285 1641 1659 1703 Affricantis
1702 1648 1784 1701 tt.
1870 1641 2215 1721 GalganuS.

612 1738 878 1800 Florenz
919 1738 1070 1799 Ast.
1121 1739 1309 1810 (Volt.
1354 1759 1415 1799 n.
1461 1738 1604 1815 927)
1649 1738 1818 1815 Θήρ.

283 1875 428 1935 802.
1956 1871 2215 1943 Orviet0‚
2252 1872 2331 1931 11
2374 1872 2525 1931 Juli
2566 1869 2745 1931 1272.

410 1971 860 2051 Gregorius
905 1971 970 2031 X
1012 1971 1322 2051 magistro
1363 1976 1430 2031 et
1471 1970 1778 2031 fratribus
1819 1970 2157 2047 hospitalis
2182 1969 2263 2029 de
2294 1969 2639 2047 Altopassu
2666 1968 2752 2028 ad

285 2072 660 2131 Romanam
702 2071 851 2131 eccl.
896 2070 1074 2129 nullo
1115 2070 1328 2129 medio
1369 2070 1765 2147 pertinentis,
1873 2067 2115 2129 Omnes
2156 2065 2486 2128 libertates
2530 2071 2598 2126 et
2638 2068 2751 2125 im-

285 2169 646 2229 munitates
701 2168 1020 2246 bonaque,
1086 2168 1254 2227 sicut
1317 2167 1579 2245 pacifice
1639 2166 1957 2236 detinent,
2003 2163 2357 2225 confirmat.
2463 2185 2491 2224 «
2512 2164 2671 2224 Cum
2714 2184 2753 2223 a

285 2266 478 2327 nobis
498 2286 546 2325 t.
631 2267 786 2328 Dat.
831 2266 1008 2345 apud
1049 2266 1580 2327 Urbemveterem
1623 2264 1678 2323 V
1721 2263 1808 2323 id.
1854 2264 1989 2335 iul.‚
2034 2269 2210 2341 pont.
2254 2264 2308 2323 I.

624 2363 782 2424 Vozt.
829 2362 1067 2423 AVa-sc.
1113 2382 1163 2422 8.
1207 2361 1400 2421 XIII
1437 2361 1562 2422 dec.
1603 2360 1730 2421 8n.
1756 2361 1794 2419 1
1825 2361 1995 2437 Orio.
2044 2360 2257 2437 (Bulla
2295 2360 2586 2430 verloren,
2630 2365 2755 2419 rote

613 2460 744 2521 und
785 2460 954 2537 qelbe
992 2458 1499 2535 Seidenscknur).

288 2597 430 2657 803.
1759 2592 2020 2662 OrvietO,
2063 2590 2145 2651 13
2182 2590 2530 2667 September
2569 2590 2750 2650 1272.

415 2694 864 2773 Gregorius
909 2692 970 2751 X
1013 2691 1317 2768 Iacobo¹)
1362 2691 1620 2769 C(aroli)
1676 2692 1840 2769 regis
1881 2690 2091 2751 Sicilie
2130 2691 2199 2749 in
2240 2689 2471 2751 Tuscia
2513 2691 2753 2749 vicario

285 2790 589 2871 generali.
675 2788 966 2859 Mandat,
1011 2790 1317 2865 quatinus
1360 2793 1642 2847 castrum
1687 2786 2105 2865 Montisgabri
2150 2786 2235 2845 ad
2268 2786 2485 2846 sedem
2515 2788 2751 2865 episco-

287 2889 506 2968 palem
547 2888 726 2948 Vult.
769 2888 1116 2965 pertinenS,
1167 2885 1336 2964 quod
1380 2886 1665 2945 detinere
1705 2886 1977 2953 dicatur,
2022 2883 2306 2962 capitulo
2348 2885 2546 2953 Vult„
2608 2904 2755 2943 cum

283 2986 442 3047 eccl.
487 2991 746 3065 pastore
788 2990 997 3051 vacet,
1043 2986 1366 3055 restituat,
1425 2984 1774 3043 dummodo
1835 2982 2194 3061 capitulum
2248 2988 2499 3052 caveat,
2560 3002 2640 3041 ne
2689 2984 2755 3041 in

285 3089 507 3145 castro
546 3084 836 3143 inimicos
879 3081 982 3143 vel
1022 3088 1352 3160 suspectos
1395 3081 1516 3141 sibi
1558 3087 1624 3141 et
1686 3082 1979 3141 Romane
2020 3080 2171 3141 eccl.
2214 3078 2555 3141 indevotos
2600 3082 2750 3139 reci-

283 3184 448 3261 piat,
475 3186 888 3259 castrumque
912 3180 1218 3240 custodiri
1248 3180 1468 3239 faciat.
1552 3199 1580 3239 <‹
1602 3179 1702 3238 Ad
1723 3198 1943 3239 curam
1965 3200 2012 3237 ›>.
2098 3178 2249 3237 Dat.
2276 3178 2449 3255 apud
2479 3176 2750 3239 Urbem-

285 3284 576 3341 veterem
619 3279 706 3339 id.
751 3282 938 3356 sept„
982 3284 1164 3356 pont.
1210 3278 1263 3337 I.

622 3376 782 3438 Volt.
827 3376 1068 3437 AVeso.
1113 3395 1162 3436 ε.
1207 3374 1398 3433 XIII
1442 3374 1612 3452 App.
1656 3373 1696 3434 8
1735 3373 1904 3450 Θήρ.
1954 3372 2163 3450 (Bane
2201 3373 2516 3449 verloren).
2568 3372 2748 3433 Liber

612 3474 851 3535 iuriam
895 3472 954 3533 2'
997 3475 1098 3534 cit.

283 3601 437 3661 804.
1766 3597 2168 3667 Pomarance,
2213 3596 2292 3657 24
2336 3594 2531 3671 April
2574 3594 2750 3655 1273.

411 3694 900 3768 MCCLXXHI,
945 3697 1077 3758 ind.
1124 3696 1178 3768 Ι,
1223 3696 1326 3757 die
1368 3697 1516 3757 lune
1559 3694 1836 3755 XXIIII
1879 3714 2015 3773 apr.
2100 3694 2331 3755 Coram
2373 3694 2558 3753 vobis
2601 3692 2751 3753 Rai-

279 3798 467 3857 nerio
507 3796 837 3874 preposito
881 3794 1072 3867 Flor„
1118 3814 1284 3873 pape
1327 3794 1705 3873 cappellano
1744 3798 1827 3853 et
1853 3795 1965 3869 qui
2007 3813 2122 3852 vos
2164 3792 2379 3853 dicitis
2408 3794 2544 3852 eius
2585 3791 2751 3851 dele-

285 3902 544 3975 gatum,
585 3912 706 3954 nos
745 3892 1022 3953 Iacobus
1062 3892 1257 3953 iudex
1286 3897 1354 3952 et
1395 3892 1674 3951 Par-isius
1705 3889 1810 3969 qd.
1844 3890 2222 3969 Bonaguide
2248 3890 2748 3951 ambasciatores

286 3990 664 4053 comunis
707 3988 922 4049 Vult.
967 4008 1008 4049 a
1049 3996 1352 4067 precepto
1391 3989 1576 4050 nobis
1617 3990 1708 4049 eri
1747 3989 1943 4061 facto,
1990 3994 2067 4046 ut
2119 3989 2599 4047 restitueremus
2648 4005 2752 4047 ca-

285 4096 502 4149 strum
545 4085 626 4147 de
668 4086 1184 4164 Montegemmoli
1227 4086 1412 4146 vobis
1450 4105 1568 4163 pro
1596 4104 1786 4163 papa,
1817 4085 1901 4144 ad
1931 4104 2169 4161 papam
2204 4082 2621 4161 appellamus,
2653 4101 2750 4143 re·

288 4185 610 4266 quirendo
652 4186 874 4255 etiam,
918 4188 991 4242 ut
1034 4183 1218 4243 vobis
1259 4182 1514 4261 placcat
1553 4184 1770 4243 venire
1811 4180 1987 4244 Vult.
2033 4182 2117 4241 ad
2160 4180 2611 4259 inquirendum
2647 4200 2754 4238 ve·

287 4286 558 4345 ritatem
586 4284 666 4343 de
695 4302 789 4351 ec,
812 4280 986 4361 quod
1008 4281 1258 4350 dicitur,
1283 4300 1572 4353 comune,
1593 4282 1882 4342 homines
1904 4279 2006 4340 vel
2036 4276 2465 4339 districtuales
2494 4275 2747 4337 dedisse

287 4380 772 4461 receptaculum
821 4378 1181 4441 Guidoni
1225 4380 1316 4439 de
1359 4379 1850 4440 Monteforti
1905 4383 2053 4456 post
2102 4376 2493 4437 sententiam
2553 4374 2755 4435 latam

288 4487 524 4541 contra
565 4499 712 4539 eum
757 4499 869 4557 per
910 4498 1147 4557 papam
1173 4480 1242 4555 ²),
1287 4478 1726 4556 protestando,
1770 4475 1963 4555 quod,
1996 4478 2049 4536 si
2078 4477 2472 4535 inveniretur
2506 4476 2572 4533 in
2602 4474 2757 4534 civi-

442 4698 484 4761 ¹)
525 4698 611 4746 De
650 4698 934 4750 Bursona;
973 4696 1116 4745 siche
1152 4694 1290 4744 auch
1326 4703 1492 4744 umen
1527 4711 1579 4744 n.
1623 4698 1739 4745 8²29.
1906 4694 1949 4756 ς’)
1990 4694 2163 4743 Guido
2200 4710 2302 4743 von
2339 4691 2621 4751 issontsort,
2661 4692 2755 4741 der

289 4803 384 4837 am
424 4788 492 4837 13
533 4786 694 4835 Mdv-z
723 4788 860 4835 1271
899 4785 964 4834 in
1005 4784 1216 4834 Viterbo
1257 4786 1501 4834 wc'ihrend
1537 4786 1630 4834 der
1665 4786 1844 4833 Messe
1883 4784 2149 4833 Heinrich
2188 4799 2288 4831 von
2328 4781 2612 4841 C'ornwall,
2652 4782 2757 4831 den
