3817 5642
885 514 1332 569 REGESTUM
1371 514 2059 569 VOLATERRANUM
2599 518 2703 566 143

251 608 575 615 ——-——-—

247 711 380 771 403.
1830 709 2122 782 Vellem-a,
2168 711 2248 771 13
2289 710 2483 788 April
2523 711 2701 771 1221.

360 806 724 879 MOGXXI,
768 807 856 868 id.
901 828 1061 886 apr„
1105 807 1238 867 ind.
1286 807 1507 868 VIIII.
1607 808 1989 887 Paganus
2045 808 2220 869 Vult.
2266 827 2366 885 ep.
2412 813 2479 869 et
2533 808 2705 885 capi-

247 905 476 977 tulum,
502 905 744 965 scilicet
765 904 1042 967 Iacobus
1070 904 1481 983 archipresb„
1513 905 1819 983 magister
1849 904 2139 977 Pisanus,
2178 903 2594 975 Lanfrancus,
2621 904 2705 965 11-

245 1000 618 1075 dibrandus‚
646 1002 1006 1076 Rainerius,
1031 1002 1299 1075 Bondie,
1329 1002 1718 1075 Tancredus,
1744 1002 2315 1073 concordaverunt,
2337 1003 2514 1080 quod
2534 1022 2705 1081 papa

247 1103 617 1162 committat
656 1099 886 1161 abbati
925 1120 975 1161 s.
1019 1100 1203 1162 Pauli
1246 1099 1326 1159 de
1365 1099 1538 1178 Ripa
1579 1098 1736 1159 Arni
1779 1100 1904 1160 Pis.
1929 1102 1974 1176 ¹)
2016 1099 2367 1161 discordias
2395 1101 2563 1161 inter
2598 1118 2709 1161 eos

247 1198 328 1258 de
367 1198 622 1259 decima
663 1198 1282 1277 argentifodinas-um
1308 1198 1390 1257 de
1419 1195 1738 1258 Monterio
1767 1198 1971 1276 partis
1998 1199 2298 1276 episcopi,
2331 1197 2410 1257 de
2439 1196 2707 1257 abbatia

249 1295 326 1356 de
365 1295 600 1356 Cornia
641 1301 709 1356 et
753 1294 894 1355 aliis
935 1294 1146 1365 rebusn
1187 1300 1267 1355 ut
1307 1314 1571 1355 causam
1613 1296 2003 1355 instructam
2044 1315 2213 1373 pape
2256 1296 2552 1355 remittat
2580 1300 2707 1355 ter·

250 1392 654 1465 minandam;
699 1412 842 1471 pen.
889 1394 938 1454 C
980 1411 1174 1453 marc.
1219 1412 1351 1471 arg.
1438 1391 1581 1452 Act.
1628 1392 1804 1453 Vult.
1847 1395 1919 1452 in
1959 1393 2338 1453 dormitorio
2380 1394 2705 1453 canonice.

251 1490 604 1551 Bonamico
643 1490 912 1551 custode
954 1490 1103 1551 eccl.
1147 1495 1216 1551 et
1259 1489 1514 1551 Gentile
1557 1496 1626 1551 et
1667 1490 2057 1551 Benvenuto
2084 1491 2325 1551 clericis
2355 1496 2435 1551 tt.
2522 1491 2709 1552 Isim·

251 1588 486 1649 bardus
526 1608 578 1649 s.
622 1590 778 1666 imp.
824 1594 959 1649 not.

577 1686 734 1747 Volt.
766 1686 989 1765 AC'ap.
1019 1707 1080 1747 n.
1112 1687 1231 1747 201
1262 1686 1436 1764 Oriq.

250 1828 389 1888 404.
1757 1818 1760 1821 ’
1949 1828 2128 1899 Pisa,
2172 1829 2252 1889 21
2296 1828 2485 1907 April
2524 1828 2713 1891 1221.

367 1923 708 1985 Deodatus
728 1924 1062 2004 delegatus
1088 1924 1405 1987 abbatum
1432 1945 1480 1986 s.
1511 1925 1841 1987 Michaelis
1864 1925 2402 1987 Discalciatorum
2430 1932 2497 1985 et
2517 1946 2567 1987 s.
2591 1924 2707 1986 Mi-

249 2021 484 2082 chaelis
525 2022 606 2081 de
649 2022 868 2102 Burgo
907 2024 1328 2101 appellationi
1367 2023 1672 2085 Mainecti
1699 2023 1927 2084 sindici
1970 2024 2022 2085 V
2037 2022 2182 2083 ult.
2226 2026 2596 2084 comunis
2624 2023 2710 2084 ab

250 2119 388 2197 ipso
429 2121 515 2182 ad
555 2140 796 2200 papam
837 2141 966 2182 non
1007 2122 1246 2184 detulit
1287 2128 1358 2183 et
1399 2122 1658 2201 prefixit
1698 2123 1756 2183 ei
1800 2123 2149 2183 terminum
2204 2124 2711 2202 peremptorium

249 2235 466 2278 coram
509 2238 576 2279 se
616 2218 792 2297 apud
833 2220 1286 2281 camulianum
1324 2218 1422 2281 VI
1461 2239 1611 2280 non.
1656 2220 1890 2295 mad.⁸)
1936 2238 2053 2298 pro
2102 2239 2295 2281 causa
2349 2221 2521 2281 inter
2558 2238 2709 2281 eum

250 2319 318 2374 et
373 2314 687 2395 Sigerium
741 2335 816 2376 ac
871 2316 1124 2377 fratres.
1229 2318 1372 2377 Act.
1419 2316 1582 2377 Pisis
1641 2318 1706 2377 in
1770 2318 1919 2378 eccl.
1964 2336 2014 2377 s.
2056 2316 2230 2377 Petri
2292 2316 2377 2377 ad
2420 2316 2709 2378 Vincula.

250 2412 598 2474 Zimbardo
649 2420 786 2474 not.
844 2414 924 2475 de
982 2414 1157 2474 Vult.
1215 2415 1557 2475 Mainecto.
1617 2414 1973 2476 Benedicto
2033 2415 2243 2493 priore
2296 2434 2347 2475 s.
2394 2415 2573 2476 Petri
2626 2420 2709 2475 tt.

249 2509 648 2585 MCCXXII,
693 2512 826 2572 ind.
871 2512 1094 2585 VIIII,
1141 2512 1244 2573 XI
1283 2512 1411 2573 kal.
1440 2512 1615 2573 mad.
1702 2512 1973 2574 Enricus
2000 2512 2108 2591 qd.
2139 2514 2525 2591 Uguccionis
2554 2512 2713 2574 Gra-

249 2609 413 2668 tiani
453 2612 768 2687 pesatoris
812 2611 1076 2672 Ottonis
1115 2612 1273 2690 imp.
1317 2611 1513 2671 iudex
1555 2616 1623 2671 et
1663 2616 1800 2670 not.

572 2707 836 2769 Florem
871 2707 1024 2768 Ast.
1057 2706 1250 2784 (Volt.
1274 2708 1434 2768 1221
1462 2707 1568 2769 IV
1591 2708 1692 2780 21,
1722 2728 1786 2768 n.
1814 2708 1963 2786 221)
1993 2708 2164 2785 Oriq.

249 2902 390 2961 405.
1952 2902 2131 2974 Rom,
2171 2902 2254 2964 22
2296 2903 2489 2980 4pril
2529 2903 2712 2965 1221.

369 2998 794 3060 Honorius
837 3000 971 3061 III
1015 3000 1234 3075 (Luce)
1265 3000 1492 3061 abbati
1521 3020 1574 3061 s,
1603 2999 1788 3061 Pauli
1827 3000 1909 3061 de
1942 2998 2113 3079 Ripa
2142 3001 2298 3060 Arni
2328 3001 2452 3061 Pis.
2531 3002 2715 3079 Nun7

250 3098 378 3158 tiat
421 3117 489 3157 se
529 3100 1036 3160 controversiam
1077 3098 1347 3177 capituli
1386 3097 1565 3160 Vult.
1609 3103 1835 3159 contra
1866 3098 2251 3177 (Paganum)
2284 3117 2473 3159 suum
2502 3117 2601 3177 ep.
2634 3098 2713 3160 de

248 3194 518 3255 decimis
559 3196 1177 3275 argentifodinarum
1221 3197 1520 3257 Monterii
1561 3196 1764 3275 partis
1803 3215 1927 3274 ep„
1971 3196 2054 3256 de
2096 3195 2318 3255 abatia
2344 3195 2427 3255 de
2469 3196 2715 3257 Cornea

249 3296 316 3350 et
360 3292 505 3351 aliis
547 3292 738 3353 rebus
777 3293 859 3353 de
901 3312 1160 3353 assensu
1201 3294 1539 3371 utriusque
1581 3294 1786 3370 partis
1827 3293 1952 3371 ipsi
1978 3294 2389 3353 commisisse.
2419 3293 2713 3368 Mandat,

251 3396 582 3467 quatenus
623 3392 710 3451 ad
750 3392 1138 3451 sententiam
1182 3390 1490 3469 procedat
1533 3390 1634 3451 vel
1663 3410 1927 3451 causam
1952 3391 2340 3452 instructam
2374 3392 2459 3451 ad
2490 3410 2591 3469 ap.
2622 3411 2715 3451 se·

249 3486 404 3547 dem
446 3488 744 3547 remittat
785 3494 853 3549 et
893 3487 1188 3565 partibus
1230 3490 1578 3548 terminum
1608 3507 1675 3547 se
1703 3506 1870 3566 pape
1898 3488 2272 3566 conspectui
2298 3486 2718 3564 present-,andi

251 3584 552 3663 prefigat.
675 3586 1198 3657 «Controversia,
1251 3605 1446 3663 quam
1469 3607 1518 3646 x».
1664 3585 1817 3645 Dat.
1875 3584 2183 3646 Laterani
2238 3584 2303 3643 X
2364 3583 2491 3643 kal.
2562 3586 2719 3657 mai,

247 3686 441 3758 pont.
473 3682 550 3743 V.

590 3775 746 3838 Vola.
786 3776 1006 3855 AOap.
1051 3797 1114 3839 n.
1157 3777 1279 3838 203
1320 3776 1414 3838 bis
1455 3776 1660 3837 Insert
1699 3778 1772 3837 in
1811 3776 2029 3837 dassen
2068 3775 2329 3837 Sentenz
2370 3778 2532 3838 1222
2581 3777 2719 3837 Au-

581 3880 722 3953 mwt
759 3875 839 3936 21
865 3877 934 3953 ³).

252 4026 394 4087 406.
1739 4025 1884 4087 Alle
1925 4025 2227 4098 Martine,
2273 4024 2310 4085 7
2348 4024 2495 4085 Juli
2535 4025 2721 4085 1221.

379 4124 762 4203 Paganus
801 4144 904 4204 ep.
949 4124 1128 4185 Vult.
1171 4124 1512 4185 constituit
1554 4124 1913 4184 Venturam
1947 4122 2367 4184 castellanum
2408 4123 2490 4182 de
2536 4122 2719 4183 Mon-

253 4224 403 4295 teri,
428 4221 874 4283 Bonacursum
893 4222 976 4283 de
1003 4222 1293 4282 Laiatico
1321 4227 1390 4282 et
1417 4220 1812 4299 Guidingum
1840 4220 1949 4299 qd.
1978 4218 2353 4299 Frederighi
2380 4218 2463 4279 de
2484 4219 2725 4281 Miemo

252 4340 410 4381 suos
453 4326 900 4399 procuratores
939 4320 1028 4381 ad
1063 4320 1442 4382 solvendum
1476 4321 1814 4398 pecuniam
1845 4317 2354 4395 Ild(ebrandino)
2385 4324 2453 4379 et
2481 4318 2721 4379 Iacobo

251 4418 692 4491 Cavalcantis,
717 4418 998 4479 Ranerio
1026 4419 1351 4491 Renuccii,
1379 4418 1634 4487 Gund0,
1665 4416 2056 4487 Renuccin0‚
2089 4416 2507 4495 Bonensegne
2536 4415 2721 4499 Ghis-

406 4637 448 4701 ¹)
485 4636 684 4688 Lucas.
823 4622 876 4698 ”)
915 4638 947 4686 2
983 4636 1130 4687 Mai.
1294 4634 1336 4697 ³)
1375 4634 1536 4685 Dione
1571 4633 1709 4683 τοὺ-ἀ
1743 4634 1845 4683 mir
1879 4648 1935 4683 n.
1977 4633 2081 4682 270
2115 4632 2233 4681 und
2268 4633 2373 4682 407
2408 4646 2727 4682 zusammen

249 4724 641 4790 vefflffontlt'cht
674 4726 792 4775 und
825 4724 1071 4776 crldutcrc
1105 4725 1328 4775 werde-n.
