3817 5642
997 574 1440 631 REGESTUM
1480 573 2165 630 VOLATERRANUM
2737 576 2807 629 93

341 772 483 833 269.
1735 748 1748 759 ‘
2092 768 2393 845 Rom,14
2432 772 2579 833 ,luti
2620 771 2798 833 1204.

467 868 500 928 I
517 886 772 929 nnoce
788 869 911 928 nti
929 888 971 927 u
987 888 1016 927 s
1059 868 1090 928 I
1108 868 1141 929 I
1159 866 1264 941 1¹)
1293 868 1614 928 canonicis
1638 867 1810 928 Vult.
1881 866 2140 927 Gratias
2162 868 2316 947 agit,
2342 868 2515 945 quod
2540 868 2801 927 Petrum

339 967 422 1027 de
466 966 687 1027 Monte
727 967 1100 1045 scriptorem
1130 970 1198 1027 et
1223 964 1604 1026 familiarem
1633 976 1821 1026 suu‘m
1850 964 2144 1042 precibus
2174 965 2302 1025 suis
2331 966 2399 1025 in
2424 968 2801 1027 canonicum

343 1072 742 1143 receperunt,
783 1072 860 1125 ut
899 1082 1014 1143 per
1053 1060 1303 1125 litteras
1347 1061 1467 1123 sibi
1494 1064 1770 1124 directas
1799 1070 1864 1123 et
1893 1062 2117 1123 eodem
2150 1063 2457 1141 magistro
2492 1061 2803 1123 referente

339 1162 676 1240 comperit.
719 1160 1014 1234 Mandat,
1038 1166 1360 1239 quatenus
1375 1162 1516 1241 ipsi,
1540 1160 1649 1237 qui
1667 1162 1756 1220 eis
1777 1161 1845 1219 in
1865 1159 2088 1221 multis
2109 1180 2243 1221 esse
2264 1162 2504 1241 poterit
2518 1160 2798 1221 fructuo-

339 1278 470 1331 sus,
501 1258 750 1321 fructus
777 1258 1099 1339 prebende
1129 1277 1241 1319 sue
1282 1259 1568 1337 integros
1594 1259 1941 1335 assignent,
1972 1276 2052 1317 ne
2082 1258 2161 1318 de
2195 1264 2406 1319 cetero
2448 1258 2667 1319 durius
2710 1259 2801 1317 eis

339 1356 534 1419 scribi
553 1363 804 1436 cogant.
849 1378 878 1417 «
900 1356 1246 1418 Devotioni
1267 1363 1479 1416 vestre
1500 1376 1542 1417 ι).
1589 1356 1738 1417 Dat.
1766 1356 2069 1417 Laterani
2089 1356 2159 1417 ΙΙ
2184 1355 2263 1416 id.
2292 1356 2421 1427 iul„
2448 1363 2623 1435 pont.
2646 1356 2794 1417 VII.

670 1454 822 1516 Volt.
869 1452 1088 1531 ACap.
1133 1453 1255 1515 218
1269 1454 1368 1547 'bie
1410 1452 1579 1531 Oriy.
1630 1453 1834 1529 (Bulla
1881 1473 1967 1513 an
2024 1452 2432 1530 Hanseclmur
2484 1453 2793 1529 verloren).

335 1652 478 1713 270.
1964 1650 2169 1725 (Nach
2210 1650 2289 1717 14
2328 1651 2473 1711 Juli
2516 1652 2700 1728 1204)
2729 1654 2792 1729 ⁸).

459 1748 856 1809 Testimonia.
897 1748 966 1809 in
1005 1766 1201 1809 causa
1242 1746 1322 1808 de
1377 1747 1824 1808 controversiis
1879 1748 2305 1810 existentibus
2360 1749 2527 1809 inter
2591 1747 2792 1811 Ilde·

332 1847 751 1914 brandum
784 1865 880 1924 ep.
925 1852 994 1905 et
1033 1844 1392 1925 capitulum
1436 1845 1609 1906 Vult.
1656 1846 1826 1905 circa
1851 1847 1952 1905 ius
1978 1846 2251 1925 eligendi
2294 1848 2653 1919 canonimn,
2685 1866 2789 1908 ex·

329 1950 528 2023 cepta
568 1963 785 2005 coram
827 1943 1036 2004 iudice
1079 1940 1315 2022 ignoto.
1361 1944 1544 2003 Inter
1586 1950 1814 2004 testes:
1861 1942 2286 2005 Ildebrandus
2342 1944 2571 2005 Todini
2625 1945 2790 2007 diac.

329 2052 402 2105 et
459 2062 619 2114 can„
676 2037 1062 2103 Tholomeus
1123 2060 1283 2112 can„
1329 2040 1632 2117 magister
1693 2038 1985 2101 Mitidius
2039 2059 2199 2115 can„
2262 2043 2445 2103 Piero
2504 2042 2789 2104 medicus

328 2160 635 2220 episcopi.

663 2238 815 2299 Volt.
861 2234 1080 2313 AGap.
1125 2258 1186 2297 n.
1231 2235 1352 2297 184
1392 2236 1561 2313 Oria.
1645 2236 1760 2297 Ed.
1794 2236 2093 2297 Leoncini
2137 2241 2284 2313 (nur
2324 2238 2503 2298 einen
2546 2237 2786 2299 kleinen

655 2334 794 2394 Teil
837 2333 942 2393 der
983 2342 1174 2395 ersten
1220 2332 1550 2411 Auseaqe).

323 2532 469 2594 271.
1861 2529 2063 2589 Fiorli
2087 2530 2155 2603 ³),
2198 2528 2279 2589 23
2320 2528 2568 2605 Anquet
2606 2530 2783 2591 1204.

452 2627 785 2699 MCCIIII,
829 2628 894 2687 X
939 2624 1062 2686 kal.
1107 2630 1292 2705 sept„
1339 2625 1464 2687 ind.
1510 2625 1656 2687 VII.
1757 2625 2067 2703 Ugolinus
2110 2630 2175 2685 et
2214 2624 2634 2703 Ingheremus
2677 2628 2782 2706 qd

321 2725 578 2787 Alberti
619 2725 938 2786 dederunt
977 2724 1302 2785 consuli
1344 2722 1555 2785 Vult.
1589 2723 1961 2784 Rubaldino
1990 2724 2247 2784 nomine
2275 2726 2563 2785 comunis
2598 2745 2784 2788 suam

320 2830 582 2905 part-em
625 2824 818 2885 castri
862 2823 943 2883 de
981 2820 1224 2884 Caselle
1267 2821 1353 2883 ad
1391 2822 1649 2900 plenam
1706 2822 2229 2893 iurisdictionem,
2274 2822 2523 2885 datium
2582 2824 2781 2903 impo-

320 2922 632 2994 nendum,
677 2922 1100 2998 tegimentum
1145 2918 1536 2980 mittendum
1579 2926 1645 2980 et
1699 2926 2003 2997 precepta
2058 2919 2391 2979 consulum
2446 2916 2545 2981 vel
2600 2926 2774 2998 pote-

317 3018 518 3079 statis
547 3018 924 3089 iurandum;
967 3035 1107 3094 pen.
1152 3017 1199 3078 C
1244 3013 1372 3088 lib.;
1415 3018 1846 3094 promiserunt
1869 3034 2021 3077 suos
2048 3014 2337 3075 homines
2363 3024 2431 3075 et
2458 3012 2673 3077 fideles
2702 3017 2783 3077 de

315 3114 566 3175 Caselle
606 3112 814 3175 facere
855 3114 1062 3172 iurare
1103 3120 1408 3191 precepta
1448 3112 1780 3174 consulum
1813 3113 1911 3172 vel
1942 3102 2286 3190 potestatis
2315 3119 2380 3172 et
2408 3111 2525 3190 ipsi
2558 3114 2779 3175 eadem

315 3213 733 3281 iuraverunt;
778 3210 1016 3270 iuravit
1057 3208 1372 3287 Ugolinus
1413 3209 1660 3269 salvare
1703 3209 2120 3269 Vulterranos
2161 3209 2227 3266 in
2270 3213 2415 3269 tota
2452 3207 2649 3271 fortia
2700 3212 2780 3271 de

315 3302 586 3377 Caselle,
627 3316 898 3385 excepto
939 3308 992 3367 si
1033 3308 1266 3367 civitas
1309 3307 1541 3369 Pisana
1583 3306 1682 3365 vel
1725 3307 2102 3385 capitaneus
2142 3308 2278 3367 eius
2320 3325 2467 3367 cum
2497 3308 2777 3385 exercitu

315 3404 417 3465 ibi
435 3404 883 3483 equitaverint.
969 3406 1136 3465 Acta
1165 3403 1395 3465 subtus
1421 3404 1682 3465 Fiorlim
1713 3424 1943 3483 parum
1973 3405 2155 3485 longe
2185 3404 2268 3464 ab
2298 3404 2427 3464 Era
2455 3406 2521 3463 in
2549 3423 2779 3484 campo

315 3502 452 3581 q.d.
481 3502 764 3581 Campus
794 3502 878 3561 ad
906 3500 1166 3562 Muslen.
1233 3500 1591 3561 Pinochius.
1633 3500 2083 3562 CancellariuS.
2126 3501 2475 3563 Africante.
2511 3499 2781 3563 Michele

313 3600 436 3661 filii
481 3599 764 3661 Pinochi.
809 3596 1122 3679 Ugolinus
1178 3598 1260 3659 de
1301 3596 1361 3658 la
1403 3599 1635 3659 Pietra.
1679 3598 2019 3660 Saladinus
2063 3599 2383 3679 prebanus
2424 3598 2503 3659 de
2563 3600 2777 3661 Orcia-

315 3699 451 3759 tico
495 3702 572 3757 tt.
658 3696 1048 3757 Benedictus
1090 3694 1280 3756 iudex
1324 3696 1455 3755 ord.
1504 3704 1698 3774 atque
1742 3694 2019 3771 tabellio.

641 3796 899 3855 Florenz
941 3794 1090 3855 Ast.
1141 3796 1325 3871 (Voce.
1370 3815 1431 3855 n.
1481 3794 1579 3870 78)
1624 3794 1794 3871 Oriq.
1839 3797 1973 3855 und
2012 3796 2421 3872 qleichzeitiqe
2462 3794 2612 3872 Cep.

311 3991 459 4052 272.
1647 3990 1724 4049 M
1726 3990 2054 4063 anteverde
2098 3990 2179 4051 14
2220 3992 2553 4051 November
2592 3990 2769 4051 1204.

396 4087 758 4167 [MCCIIIL
801 4086 932 4149 ind.
977 4087 1172 4165 VIII]
1195 4090 1264 4163 ⁴),
1311 4086 1540 4147 XVIII
1595 4087 1718 4149 kal.
1763 4090 1896 4148 dec.
1982 4090 2199 4148 iurant
2240 4088 2432 4148 XXV
2484 4088 2775 4149 homines

309 4186 512 4248 castri
540 4184 620 4243 de
649 4182 1074 4245 Monteviride
1101 4182 1349 4245 salvare
1378 4185 1588 4245 hom
1573 4204 1696 4245 me
1713 4204 1742 4245 s
1783 4184 1826 4244 d
1843 4204 1877 4242 e
1923 4186 1978 4247 V
1995 4185 2132 4245 ult.
2164 4184 2379 4263 eisque
2406 4186 2611 4247 facere
2636 4203 2771 4247 suc-

462 4436 505 4498 ¹)
543 4434 621 4485 Ea
657 4434 808 4486 kann
841 4436 958 4486 sich
992 4436 1086 4487 der
1119 4436 1318 4498 Schrist
1355 4435 1492 4485 nach
1528 4450 1635 4486 mr
1669 4452 1764 4485 um
1799 4436 1898 4487 ilm
1934 4437 2055 4487 oder
2091 4437 2357 4485 Innocenz
2381 4435 2470 4485 IV
2506 4435 2771 4492 handc'm

309 4524 486 4575 dicar
521 4539 633 4574 ωω·
655 4524 736 4573 im
765 4526 794 4573 7
819 4522 990 4574 Jahre
1025 4524 1090 4574 in
1123 4524 1292 4587 Izyon.
1477 4524 1518 4585 ²¹)
1567 4524 1700 4575 Weil
1735 4530 1915 4587 apa‘ter
1950 4526 2032 4575 αέ
2069 4541 2122 4575 n.
2164 4526 2284 4575 269.
2358 4524 2474 4573 Das
2507 4523 2765 4586 umscmq-

307 4610 486 4664 roscha
518 4612 636 4661 und
670 4602 1017 4663 inter-eamme
1053 4610 1382 4661 Akeemtizok
1424 4612 1554 4661 wir-d
1590 4612 1712 4661 ba'd
1734 4628 1810 4662 an
1831 4613 2053 4663 anderm
2089 4613 2209 4663 Orto
2232 4611 2611 4675 vordffcntlicht
2646 4610 2763 4661 und

309 4702 561 4752 &Idmon
595 4698 816 4750 werdon.
983 4700 1026 4763 ⁸)
1063 4700 1120 4749 H
1123 4708 1236 4750 cute
1273 4700 1606 4761 verachollen,
1643 4703 1840 4751 unweit
1883 4704 2135 4752 Vo'terra.
2302 4700 2345 4765 ⁴)
2382 4700 2609 4752 Zoreto'rt
2643 4701 2761 4751 und

309 4806 416 4841 aue
452 4791 572 4839 dem
607 4790 834 4853 Spoqlio
870 4794 1094 4853 erqdnzt.
