3817 5642
921 544 1366 601 REGESTUM
1403 544 2095 601 VOLATERRANUM
2665 548 2741 601 95

267 720 882 817 compromisernnt3
927 758 1068 817 pen.
1115 740 1182 800 X
1221 736 1328 800 lib.
1388 739 1514 811 Qui
1556 736 2005 811 laudaverunt,
2049 748 2124 801 ut·
2182 742 2292 799 via
2342 742 2426 802 sit
2480 742 2739 802 eortalis

268 836 610 914 utriusque
645 841 713 895 et
751 855 920 897 unus
963 835 1146 896 alteri
1187 836 1504 897 malitiam
1546 856 1678 898 non
1718 838 1933 899 faeiat.
2020 837 2392 899 Recitatum
2436 837 2503 899 in
2542 838 2738 901 domo

267 932 768 1014 Guermignonis
809 933 888 996 de
929 934 1194 995 CotanO.
1280 935 1558 997 Strenua
1597 934 1702 1012 qd.
1749 933 2100 998 Silimanni.
2132 934 2470 996 Albertino
2497 937 2599 1013 qd.
2634 936 2734 996 Ti-

267 1029 458 1094 niosi.
501 1029 892 1095 Cancellario
919 1032 1158 1094 Arturi.
1190 1031 1554 1112 Turingello
1581 1034 1684 1111 qd.
1717 1032 2011 1095 Gisolfoli
2052 1038 2126 1094 tt.
2211 1032 2553 1096 Consonus
2582 1036 2731 1113 imp.

269 1131 637 1211 maiestatis
678 1137 810 1191 not.

598 1228 856 1289 Florem
898 1228 1049 1290 Ast.
1099 1229 1284 1305 (Volt.
1329 1249 1391 1290 n.
1437 1228 1543 1304 82)
1587 1224 1757 1306 Oriq.

267 1381 414 1443 276.
1830 1378 2181 1451 Ferentino,
2225 1380 2307 1441 12
2347 1379 2517 1441 Jum'
2556 1380 2733 1442 1206.

397 1477 952 1539 Innocentius
1003 1477 1136 1538 III
1189 1477 1603 1552 (Lanfranoo)
1637 1475 1862 1538 abbati
1888 1495 1935 1537 e.
1972 1478 2276 1539 Pontiani
2304 1480 2541 1540 Lucan.
2572 1478 2732 1540 dioc.

269 1576 336 1635 N
341 1574 560 1635 untiat
599 1572 902 1635 abbat-em
933 1576 974 1647 ⁸)
1019 1592 1066 1633 s.
1095 1572 1266 1633 Iusti
1291 1572 1414 1633 sibi
1441 1573 1862 1650 proposuisse,
1894 1574 2091 1650 quod,
2122 1592 2269 1633 cum
2316 1574 2487 1635 inter
2524 1576 2737 1651 ipsum

269 1678 344 1731 et
383 1670 794 1747 I(ohannem)
837 1669 1240 1747 capellanum
1281 1670 1362 1731 de
1407 1670 1748 1749 Ripabella
1782 1669 1958 1731 Vult.
1997 1670 2157 1731 dioc.
2190 1690 2381 1750 super
2406 1672 2738 1751 sepultura

269 1768 730 1830 defunctorum
771 1787 988 1831 coram
1045 1767 1441 1848 (Paganello)
1491 1768 1828 1829 archidiac.
1875 1768 2048 1829 Vult.
2093 1771 2349 1848 questio
2402 1780 2590 1843 esset,
2633 1772 2735 1833 hio

269 1867 664 1927 sententiam
687 1865 841 1926 tulit
861 1866 1172 1943 iniquam,
1193 1872 1424 1929 contra
1442 1884 1638 1944 quam
1661 1865 1866 1926 abbas
1885 1866 1971 1927 ad
1994 1884 2093 1945 ap.
2122 1866 2339 1927 sedem
2360 1868 2731 1946 appellavit.

269 1963 570 2035 Mandat,
592 1969 912 2044 quatenus
941 1963 1278 2023 confirmet
1308 1963 1403 2024 vel
1427 1964 1710 2024 infirmet
1751 1964 2165 2025 sententiam.
2249 1984 2278 2025 (ι
2299 1964 2401 2025 Ex
2428 1972 2613 2043 parte
2642 1966 2737 2027 di·

270 2059 424 2120 lecti
447 2081 490 2121 ι».
579 2061 726 2122 Dat.
775 2059 1100 2121 Ferentini
1141 2061 1211 2121 11
1254 2060 1336 2121 id.
1383 2061 1536 2132 iun„
1581 2065 1758 2138 pont.
1802 2060 2025 2121 VIIII.

604 2157 757 2218 Volt.
803 2156 1115 2217 AMunic.
1164 2156 1422 2232 (Radia)
1468 2156 1888 2234 Transeumpt
1928 2176 2047 2218 von
2088 2158 2265 2219 1206.

131 2412 142 2422 ,
267 2355 416 2417 277.
495 2344 508 2351 ’
1116 2351 1252 2411 San
1293 2351 1616 2414 Ponziano
1655 2351 1751 2413 bei
1791 2352 2013 2413 Luam.
2058 2351 2143 2412 10
2180 2352 2517 2412 November
2556 2352 2733 2413 1206.

403 2449 798 2511 lanfrancus
840 2448 1041 2511 abbas
1083 2469 1130 2510 e.
1177 2449 1476 2511 Pontiani
1520 2448 1669 2511 Luc.
1707 2450 1867 2511 dioc.
1915 2450 2104 2511 iudex
2132 2446 2465 2529 delegatus
2498 2469 2665 2529 pape
2688 2455 2733 2527 ⁹)

268 2549 473 2610 laudo
512 2550 684 2609 inter
722 2546 1032 2608 abbatem
1055 2549 1103 2626 ⁸)
1147 2567 1192 2608 e.
1238 2548 1458 2609 Iusti
1500 2548 1674 2609 Vult
1705 2554 1774 2607 et
1816 2546 2171 2609 Iohannem
2210 2546 2613 2626 capellanum
2656 2548 2736 2608 de

267 2645 620 2725 Ripabella
658 2644 835 2705 Vult.
879 2644 1039 2706 dioc.
1125 2646 1266 2705 Act.
1311 2645 1434 2705 sub
1471 2647 1727 2724 porticu
1776 2664 1945 2705 mon.
1990 2664 2037 2705 s,
2084 2645 2404 2715 Pontiani,
2450 2644 2731 2717 MCCVL

268 2743 423 2807 1111
465 2742 548 2803 id.
591 2761 764 2815 nov„
807 2741 935 2803 ind.
982 2741 1064 2801 X.
1150 2742 1348 2805 Perus
1389 2742 1493 2821 qd.
1541 2742 1876 2804 Gerardini
1916 2741 2109 2803 iudex
2152 2742 2303 2821 imp.

605 2840 761 2902 Volt.
808 2838 1120 2899 AMunic.
1171 2840 1427 2916 (Radia)
1471 2840 1642 2918 Oriy.

265 2995 400 3057 278
1790 2990 2028 3064 Lenda,
2072 2991 2156 3052 18
2193 2991 2515 3051 Dezember
2554 2992 2733 3053 1206.

398 3088 955 3151 Ildebrandus
995 3088 1169 3149 Vult.
1195 3108 1291 3166 ep.
1317 3088 1548 3148 damus
1575 3086 1642 3147 in
1667 3085 1935 3147 feudum
1966 3086 2251 3149 Gerar-do
2280 3087 2360 3147 de
2389 3089 2586 3148 Prata
2626 3088 2732 3168 qd.

269 3186 602 3258 Rainaldi,
640 3174 946 3266 quicquid
977 3184 1290 3246 habemus
1326 3185 1392 3245 in
1427 3184 1688 3245 castello
1715 3182 1797 3243 de
1825 3183 2120 3246 Bibboni.
2204 3185 2347 3245 Act.
2380 3186 2555 3264 apud
2585 3184 2733 3247 Lec-

268 3286 444 3346 ciam
471 3284 539 3344 in
567 3284 748 3344 curia
763 3302 861 3361 ep.
951 3301 1166 3342 coram
1200 3281 1428 3361 Ogerio
1453 3279 1861 3341 Pannocchia
1890 3281 1995 3360 qd.
2022 3280 2308 3343 Rainerii
2335 3281 2738 3342 Pannocchie

267 3388 342 3444 et
359 3382 774 3442 Buonacorso
792 3378 897 3459 qd.
921 3378 1171 3440 Lotteri
1193 3378 1273 3438 de
1293 3378 1532 3439 Sancto
1560 3377 1943 3439 Geminiano
1969 3377 2050 3438 de
2078 3378 2366 3439 Monteli.
2450 3378 2734 3453 MCCVI,

269 3478 405 3539 XV
447 3478 570 3538 kal.
616 3478 764 3550 ian„
807 3476 934 3538 ind.
980 3475 1062 3537 X.
1145 3476 1544 3537 Crescentius
1586 3473 1717 3536 ord.
1762 3473 1958 3536 iudex
1999 3482 2066 3535 et
2107 3482 2239 3537 not.

607 3574 762 3635 Vols.
799 3573 1037 3635 AVesc.
1083 3572 1252 3651 App.
1284 3573 1323 3632 I
1328 3572 1597 3650 zd.-Pa9.
1629 3572 1941 3634 ooll’anno
1982 3573 2020 3633 1
2058 3572 2229 3651 Oriq.
2276 3573 2456 3634 Liber
2496 3574 2736 3634 iurium

602 3670 785 3731 8.13
825 3672 921 3732 cit.
959 3682 966 3687 “

269 3788 412 3849 279.
1516 3785 1654 3845 San
1696 3786 2097 3863 Gimiynano,
2141 3784 2225 3844 10
2261 3785 2518 3845 Januar
2556 3785 2733 3850 1207.

397 3884 685 3955 MCCVI,
728 3884 870 3945 IIII
914 3883 997 3943 id.
1041 3885 1189 3956 ian„
1233 3881 1359 3943 ind.
1408 3883 1488 3943 X.
1575 3882 1941 3943 Bernardus
1980 3882 2205 3945 Ianelli
2234 3888 2523 3961 potestas
2548 3888 2616 3943 et
2644 3903 2735 3944 re-

272 3994 419 4045 ctor
437 3985 728 4043 comunis
752 3981 972 4060 oppidi
992 3981 1073 4042 de
1094 3981 1142 4042 C
1159 3982 1318 4042 olle
1345 3981 1659 4041 concessit
1686 3981 1925 4058 Iaeopo
1952 3980 2057 4059 qd.
2082 3981 2386 4041 Asseduti
2409 3982 2651 4041 consuli
2672 3988 2738 4041 et

273 4082 510 4142 rectori
538 4080 760 4159 oppidi
801 4079 1086 4140 Sancti
1130 4079 1594 4140 Geminian
1577 4098 1597 4139 1
1640 4097 1756 4156 pro
1785 4097 1872 4150 se,
1903 4076 2212 4151 LotteriO,
2241 4078 2532 4140 Fortior-e
2558 4080 2737 4149 sotiis

275 4178 696 4239 medietatem
738 4175 974 4237 terreni
1015 4182 1081 4236 et
1121 4178 1294 4236 curie
1335 4175 1486 4236 olim
1527 4175 1608 4236 de
1649 4176 1836 4236 Fusci
1879 4193 1961 4235 ex
2000 4174 2110 4235 illa
2138 4182 2321 4253 parte
2352 4176 2633 4237 fluminis
2658 4176 2739 4236 de

275 4276 466 4337 Risci
507 4295 590 4336 ex
631 4294 709 4335 ea
749 4279 954 4353 parte,
999 4292 1128 4353 qua
1170 4278 1268 4334 est-
1309 4275 1484 4334 curia
1524 4274 1606 4333 de
1646 4274 1919 4335 Casallia
1942 4276 2011 4349 ⁴33
2046 4292 2210 4352 pena
2238 4273 2287 4335 O
2315 4294 2505 4335 marc.
2591 4274 2734 4337 Aet.

277 4375 342 4434 in
370 4380 585 4435 castro
614 4371 832 4435 Sancti
863 4371 1227 4432 Geminiani
1261 4372 1328 4431 in
1356 4369 1550 4431 domo
1577 4373 1885 4465 comunis..
1959 4370 2277 4432 Guidotto
2305 4371 2410 4448 qd.
2442 4371 2735 4433 Lutterii.

275 4472 442 4532 Pero
481 4469 564 4531 de
603 4469 791 4531 Colle.
838 4471 1062 4532 Scotto
1105 4468 1209 4547 qd.
1254 4468 1483 4530 Pelati.
1532 4469 1749 4529 Riocio
1792 4467 1896 4546 qd.
1944 4468 2156 4530 Guidi.
2203 4468 2405 4529 Posca
2446 4469 2550 4548 qd.
2583 4470 2734 4531 Ildi-

427 4667 468 4731 Ι)
506 4668 792 4717 Iacobum.
943 4667 982 4728 ¹)
1021 4666 1179 4717 Sidae
1213 4667 1344 4717 oben
1366 4682 1420 4718 n.
1463 4669 1582 4717 276.
1729 4666 1772 4729 ³)
1811 4668 2097 4718 Iacobum.
2246 4669 2289 4733 ⁴)
2330 4668 2489 4718 Sonat
2526 4670 2624 4719 wie
2658 4672 2737 4719 im

277 4757 508 4820 voriqon.
