3817 5642
992 553 1438 610 REGESTUM
1475 553 1798 610 VOLATE
1806 555 2165 610 RRANUM
2739 559 2822 613 27·

343 749 430 813 de
473 748 808 812 Cunerado
846 755 914 812 et·
957 749 1242 812 nodulfo
1283 769 1386 829 gg.
1433 749 1704 812 siohelm
1748 750 1794 811 t.
1827 751 1889 812 b.
1923 771 2009 810 m.
2054 735 2211 814 item
2248 751 2564 814 sichelmi.
2608 753 2810 815 Ilditii

343 847 388 906 f.
436 845 498 906 b.
545 867 630 906 m.
675 846 933 908 Ilduini.
979 846 1308 908 Lamberti
1347 847 1396 908 f.
1436 847 1497 908 b.
1541 866 1630 908 m.
1661 849 1816 910 item
1847 848 2195 910 Lamberti.
2227 849 2642 940 Raimbertus
2671 859 2805 914 not.

345 947 500 1022 imp.
545 950 627 1004 tt.
671 965 755 1004 ss.
919 943 1312 1006 Uualbertus
1357 951 1492 1006 not.
1539 947 1670 1024 inp.

673 1041 833 1102 Van.
878 1041 1120 1103 AVesc.
1163 1061 1214 1104 ε.
1259 1041 1326 1102 X
1368 1042 1500 1104 dec.
1550 1043 1587 1104 7
1627 1062 1690 1102 π.
1735 1042 1776 1104 5
1816 1042 1989 1120 Θήρ.

345 1207 444 1268 75.
1976 1212 2272 1282 Volterra‚
2316 1213 2399 1272 10
2439 1213 2623 1274 Mc'irz
2664 1215 2819 1276 989.-
2908 1227 2911 1231 ’

461 1305 1014 1386 Nongnent-esimo
1043 1310 1471 1374 ,octuaiesimo
1518 1329 1710 1382 non0,
1761 1307 1855 1370 VI
1903 1309 1991 1370 id.
2050 1317 2263 1382 mart„
2310 1310 2441 1372 ind.
2486 1310 2577 1372 II.
2662 1313 2803 1374 An-

341 1403 642 1466 selmus
683 1405 1023 1466 archidiac.
1067 1411 1134 1466 et
1175 1409 1538 1486 prepositus
1580 1428 1628 1468 s.
1675 1406 2013 1468 Ottabiani
2054 1409 2227 1470 iusta
2269 1409 2497 1472 domus
2525 1431 2574 1486 8.
2604 1411 2822 1474 Maris-

340 1501 662 1578 episcopio
703 1499 915 1562 Volet..
961 1521 1074 1582 per
1113 1521 1492 1564 consensum
1535 1503 1943 1566 sacerdotum
1967 1523 2107 1566 can.
2151 1506 2394 1566 fratum
2429 1508 2473 1584 ¹)
2518 1526 2803 1569 meorum

339 1615 453 1656 seu
495 1596 690 1657 levite
730 1603 796 1656 et
837 1598 1086 1659 ciratici
1127 1599 1238 1660 lib.
1283 1618 1454 1660 nom.
1499 1599 1586 1660 do
1626 1605 1823 1679 atque
1867 1599 2054 1661 firmo
2095 1599 2288 1662 Petro
2328 1602 2493 1664 diac.
2537 1603 2583 1662 f.
2628 1603 2815 1666 Petri.

339 1693 489 1753 eccl.
555 1713 608 1754 s.
666 1696 918 1774 angneli
982 1695 1244 1756 Mihaeli
1307 1697 1370 1756 in
1435 1696 1788 1776 PappianO,
1858 1699 2325 1777 pertinentem.
2354 1701 2439 1760 ad
2500 1721 2549 1760 s.
2616 1701 2801 1764 Otta-

340 1789 626 1862 biannm,
651 1811 799 1853 cum
827 1794 1078 1863 offert-a,
1111 1813 1310 1873 quam
1339 1795 1677 1868 inveneris,
1709 1801 1775 1855 et
1804 1795 2066 1856 redditu
2108 1795 2281 1858 Petri
2312 1800 2617 1878 genitoris
2653 1821 2799 1863 cum

337 1888 632 1949 eredibus
673 1889 754 1950 ad
805 1891 1034 1951 eclesia
1074 1911 1124 1950 8.
1169 1891 1476 1951 Iohannis
1518 1890 1810 1954 babtlsta
1850 1893 2024 1953 iusta
2067 1894 2215 1954 eccl.
2256 1915 2305 1954 s.
2339 1895 2677 1958 Ottabiani
2719 1898 2801 1959 de

337 1984 736 2047 laboratione
778 1988 844 2048 in
901 1987 1054 2048 villa
1107 1987 1188 2050 de
1245 1988 1580 2067 Pappiano
1637 1990 1918 2052 velomni
1965 1991 2092 2052 alio
2126 1992 2283 2064 loco,
2330 1994 2555 2054 vinum
2598 1995 2797 2056 linum

335 2082 623 2144 laborem
685 2084 906 2145 bestiis
969 2093 1330 2168 argentum,
1395 2093 1471 2146 ut,
1525 2105 1641 2165 per
1698 2091 1847 2148 tuos
1902 2088 2196 2149 sacerdos
2251 2095 2367 2149 aut
2422 2109 2535 2170 per
2590 2098 2673 2164 te,
2745 2095 2809 2154 si:

332 2181 656 2242 Dominus
685 2187 752 2242 te
780 2183 864 2242 ad
894 2182 1183 2244 ordinem
1225 2184 1689 2245 sacerdotalem
1729 2185 2124 2264 perduxerit,
2151 2185 2425 2248 offitium
2453 2189 2576 2248 Dei
2600 2189 2799 2259 facias
2898 2257 2915 2270 ‚

333 2284 404 2340 et
445 2299 730 2340 annuam
787 2281 854 2340 in
893 2280 1041 2342 fest.
1099 2301 1148 2341 s.
1207 2281 1408 2342 Marie
1462 2281 1527 2341 in
1583 2302 1729 2361 aug.
1788 2285 1854 2342 in
1909 2283 2058 2344 eccl.
2116 2303 2166 2342 s.
2227 2282 2563 2346 Ottabiani
2617 2307 2795 2366 pene.

331 2395 469 2458 arg.
500 2377 648 2436 den.
678 2377 949 2440 duodeci
980 2377 1042 2438 b.
1073 2399 1218 2458 exp.
1249 2379 1457 2458 qualis
1483 2399 1598 2456 per
1639 2386 1838 2459 temp.
1883 2381 2005 2460 [o.]
2046 2381 2290 2454 solvas;
2334 2401 2479 2460 pen.
2516 2403 2650 2463 arg.
2682 2386 2794 2446 801.

331 2473 476 2535 XL.
559 2475 706 2536 Act.
751 2474 1101 2536 Voloberre.
1203 2476 1505 2538 Anselmo
1545 2477 1884 2538 archidiac.
1930 2497 2011 2537 ss.
2056 2478 2341 2540 Amelius
2384 2481 2677 2542 sacerdos
2731 2489 2814 2544 et-

331 2591 476 2634 can.
521 2592 605 2632 ss.
653 2572 1100 2634 Ermendricus
1129 2573 1341 2652 presb.
1372 2580 1438 2634 et-
1467 2593 1608 2634 can.
1640 2594 1720 2634 88.
1754 2573 1985 2636 Petrus
2012 2575 2175 2637 diac.
2206 2583 2273 2636 et
2302 2596 2443 2638 can.
2474 2597 2554 2636 88.
2584 2577 2796 2641 Teuzo

329 2668 544 2748 presb.
587 2677 655 2730 et
698 2690 838 2731 can.
883 2691 965 2732 ss.
1009 2671 1241 2732 Petrus
1283 2671 1576 2732 sacerdos
1606 2677 1675 2730 et
1699 2692 1840 2732 can.
1885 2693 1965 2732 88.
2011 2672 2224 2735 Teuzo
2278 2673 2488 2752 presb.
2532 2683 2599 2736 et
2653 2697 2793 2740 can.

329 2787 414 2827 ss,
461 2767 804 2828 Rainer=us
847 2769 1045 2830 levita
1086 2775 1152 2828 et
1195 2788 1336 2830 oan.
1377 2789 1459 2829 88.
1503 2769 1834 2830 Albericu·
1878 2770 2075 2831 levita
2116 2777 2364 2852 etz-can.
2409 2791 2489 2832 88.
2521 2773 2815 2837 Uuinizo-

327 2873 413 2926 tt.
459 2887 544 2927 ss.
591 2866 765 2929 Otdo
807 2874 944 2929 not.
989 2869 1121 2947 inp.
1167 2873 1248 2927 tt.
1293 2888 1374 2928 88.
1417 2867 1764 2930 Tetbertus
1806 2868 2000 2930 iudex
2056 2871 2185 2948 inp.
2230 2891 2311 2930 ss.
2431 2871 2795 2937 Gherardus

328 2969 468 3025 not.
516 2965 650 3044 inp.

663 3063 823 3126 Volt.
871 3062 1089 3142 ACap.
1134 3084 1198 3125 n.
1243 3063 1326 3126 37
1367 3061 1541 3140 Oriq.

329 3231 427 3292 76.
1897 3231 2195 3306 Volterra,
2239 3233 2321 3294 29
2360 3234 2609 3312 Anqust
2650 3237 2805 3300 990..

450 3327 1002 3406 Nongnentesimo
1043 3330 1456 3400 nonoiesimO,
1515 3335 1748 3408 quarto
1803 3329 1932 3391 kal.
1992 3337 2165 3400 sett„
2209 3329 2340 3390 ind.
2384 3334 2599 3393 tertia.
2663 3333 2789 3395 Pe-

325 3431 510 3486 trus
551 3425 766 3487 Volet.
797 3445 899 3504 ep.
944 3424 1053 3485 lib.
1097 3445 1270 3486 nom.
1314 3426 1401 3487 do
1439 3425 1842 3488 Tincherado
1883 3428 1995 3505 qui
2036 3425 2295 3489 Cunitio
2324 3448 2461 3488 voc.
2506 3430 2551 3489 f.
2596 3429 2659 3491 b.
2705 3452 2789 3493 m.

299 3523 590 3584 'Viaderi
632 3524 881 3583 cassina
923 3543 1034 3584 seu
1083 3529 1254 3583 sorte
1310 3529 1375 3582 et
1429 3542 1530 3583 res
1584 3525 1650 3583 in
1699 3523 1906 3584 Butra
1960 3544 2160 3603 prope
2214 3525 2683 3588 Domesciatieo
2726 3536 2791 3589 et

323 3640 528 3700 prope
571 3620 828 3692 Colline,
874 3639 998 3700 que
1041 3641 1091 3680 r.
1141 3621 1268 3680 fuit.
1324 3639 1436 3700 per
1491 3621 1599 3699 qd.
1658 3621 1934 3683 Iohanni
1983 3620 2348 3684 berbichaio
2370 3625 2419 3701 2)
2476 3631 2543 3684 et
2598 3627 2790 3687 modo

323 3737 440 3797 per
469 3719 750 3779 Martino
794 3717 840 3778 f.
886 3738 1022 3790 suo,
1067 3725 1142 3778 ut
1198 3718 1426 3779 reddas
1476 3739 1758 3779 annuam
1807 3739 1982 3797 pene.
2034 3739 2165 3799 arg.
2212 3721 2357 3780 den.
2408 3721 2683 3783 duodeci
2724 3724 2786 3785 b.

321 3836 470 3895 exp.
517 3817 726 3894 qualis
765 3835 880 3895 per
919 3824 1118 3894 temp.
1163 3837 1245 3890 o.;
1289 3837 1433 3896 pen.
1478 3837 1611 3896 arg.
1655 3819 1767 3878 sol.
1813 3817 1953 3879 LX.
2058 3819 2203 3878 Act.
2234 3818 2564 3880 Voloterre
2591 3842 2809 3902 prope-
2898 3848 2909 3856 ·

319 3913 672 3992 episcopio.
770 3914 1001 3975 Petrus
1041 3933 1142 3994 ep.
1172 3935 1254 3975 ss.
1288 3913 1349 3974 S.
1383 3934 1468 3974 m.
1499 3917 1898 3994 promissore.
1944 3915 2303 3976 Uualberto
2333 3922 2413 3975 tt.
2447 3937 2527 3976 88.
2573 3919 2787 3980 Uuido

321 4017 404 4070 tt.
451 4031 536 4070 88.
582 4009 644 4072 S.
691 4031 776 4071 m.
821 4011 1021 4073 Uuidi
1061 4013 1107 4072 f.
1153 4012 1216 4073 b.
1261 4033 1348 4073 m.
1391 4011 1749 4092 Teudinghi
1800 4019 1882 4073 tt.
1928 4011 2277 4074 Lamberto
2321 4021 2401 4074 tt.
2448 4035 2529 4074 ss,
2622 4015 2785 4077 Ghe-

319 4108 555 4168 tardus
598 4115 734 4169 not.
780 4111 910 4189 inp.

655 4207 817 4270 Volt.
861 4207 1100 4271 AVesc.
1145 4227 1194 4269 ε.
1225 4208 1304 4269 ,Χ
1344 4209 1466 4270 dec.
1501 4208 1539 4269 8
1566 4228 1629 4268 n.
1674 4208 1712 4267 1
1749 4209 1922 4287 Oriq.

319 4373 422 4436 77.
1926 4377 2219 4450 Volterra,
2264 4377 2305 4438 6
2346 4378 2601 4439 Oldober
2640 4378 2781 4441 990.

441 4474 996 4553 Nongnentcsimo
1035 4477 1450 4550 nonoiesimO,
1493 4475 1659 4554 prid.
1697 4489 1852 4538 non.
1899 4481 2049 4549 oct„
2082 4476 2213 4538 ind.
2264 4476 2425 4539 IIII.
2508 4476 2783 4538 Ansel-

317 4591 492 4632 mus
547 4572 890 4634 archidiac.
947 4579 1013 4634 et
1069 4575 1432 4653 prepositus
1485 4594 1536 4633 8.
1585 4573 1921 4634 Ottabiani
1976 4576 2147 4635 iusta
2188 4575 2417 4637 domus
2458 4576 2805 4655 episcopio-

471 4761 511 4825 ¹)
549 4761 638 4812 So.
790 4762 832 4824 2)
871 4780 940 4812 =
960 4764 1357 4823 vervecarium,
1395 4767 1678 4828 pastorem
1716 4765 1925 4812 ovium.
