3817 5642
1019 553 1118 601 108
1661 548 2103 605 REGESTUM
2140 549 2463 606 VOLATE
2471 550 2825 605 RRANUM

1008 746 1204 805 castri
1245 744 1466 807 Sancti
1503 746 1870 807 Geminiani
1907 748 2195 807 iuramus
2218 746 2561 809 defendere
2595 746 2930 826 Paganum
2958 752 3185 807 eontra
3212 745 3467 806 Vulter·

1007 860 1216 915 ranoe,
1261 844 1315 903 ei
1353 863 1488 905 non
1527 844 1927 905 reddiderint
1952 851 2237 905 castrum
2265 845 2349 904 de
2377 846 2907 924 Ripamarraneia
2933 850 3001 905 et
3024 851 3291 923 paetum
3318 861 3465 904 cum

1005 960 1107 1021 ep.
1152 961 1283 1003 non
1323 941 1594 1003 fecerint
1635 942 1987 1005 seeundum
2030 942 2435 1003 voluntatem
2478 948 2802 1005 rectorum
2844 939 2949 1004 vel
2988 941 3325 1004 consulum
3362 960 3467 1003 eo·

1007 1040 1222 1101 munis
1250 1038 1472 1101 Sancti
1500 1039 1879 1113 Geminiani,
1909 1040 1992 1099 de
2020 1039 2241 1101 Monte
2264 1038 2559 1101 Vultraio
2586 1046 2655 1101 et
2680 1040 2761 1099 de
2796 1038 3039 1101 Caeule.
3124 1040 3469 1119 Eliguntur

1005 1135 1234 1197 arbitri
1275 1136 1362 1197 ad
1401 1136 1808 1199 diffiniendas
1849 1138 2316 1199 controversias
2358 1140 2527 1199 inter
2564 1157 2665 1216 ep.
2711 1139 2975 1216 eiusque
3010 1136 3244 1199 fratres
3268 1143 3339 1199 et
3366 1155 3467 1197 oo-

1007 1253 1202 1295 mune
1243 1232 1462 1295 Sancti
1505 1233 1888 1296 Geminiani.
1958 1234 2320 1307 Mccxm,
2352 1236 2481 1297 ind.
2512 1234 2580 1307 1;
2610 1235 2781 1296 diem
2804 1254 2935 1297 non
2961 1236 3282 1314 apposuit,
3314 1238 3467 1315 quia

1007 1330 1298 1411 pluribus
1340 1332 1588 1393 vicibus
1629 1333 2028 1394 iuraverunt.
2114 1333 2517 1395 Bonaooreus
2538 1336 2583 1411 ¹)
2624 1339 2762 1394 not.

1338 1429 1498 1492 Volt.
1541 1430 1784 1493 AVeeo.
1819 1450 1870 1492 ο.
1903 1430 2096 1491 XIII
2122 1431 2245 1493 dec.
2276 1432 2318 1492 2
2345 1450 2407 1493 n.
2438 1432 2521 1493 13
2548 1432 2721 1509 Θήρ.
2764 1431 2949 1493 Liber
2989 1434 3230 1493 iuriam
3258 1432 3338 1492 11
3364 1434 3465 1493 cit.

1008 1624 1146 1687 306.
1733 1628 1872 1689 San
1914 1626 2183 1689 Lon-euzo
2224 1646 2267 1687 α
2306 1625 2567 1689 Traeche
2608 1626 2705 1688 bei
2742 1627 2935 1701 Nera,
2980 1628 3020 1689 9
3064 1628 3245 1689 Μᾶνκ
3284 1626 3465 1689 1213.

1125 1720 1459 1796 MCCXJI,
1505 1724 1634 1785 ind.
1682 1723 1734 1797 I,
1779 1724 1908 1786 VII
1950 1724 2037 1785 id.
2082 1730 2271 1784 mart.
2357 1725 2492 1785 Nos
2532 1723 2887 1785 Ricoverus
2928 1724 3009 1785 de
3050 1726 3273 1787 Monte
3320 1726 3467 1786 Vol-

1009 1819 1210 1880 trario
1251 1820 1358 1899 qd.
1417 1820 1832 1895 Gisliccionis,
1876 1821 2359 1883 Ildibrandinus
2412 1828 2480 1881 et
2536 1820 2813 1883 Iacobus
2866 1822 3001 1882 eius
3044 1821 3087 1883 f.
3130 1822 3471 1883 vendimus

1009 1914 1418 1979 tibi-Gullo
1459 1920 1878 1997 potestati
1920 1918 2139 1980 Vult.
2184 1920 2432 1997 petium
2476 1924 2645 1979 terre
2672 1936 2819 1979 cum
2862 1936 3011 1979 oasa
3041 1920 3107 1979 in
3132 1924 3347 1980 castro
3386 1918 3469 1980 de

1009 2012 1208 2091 Nigra
1249 2021 1315 2074 et
1354 2017 1424 2077 in
1458 2036 1744 2089 casearo;
1792 2016 1957 2075 med.
2002 2016 2035 2076 I
2077 2018 2308 2095 spaotii
2350 2018 2418 2076 in
2458 2034 2591 2095 quo
2628 2022 2729 2076 est
2770 2018 2987 2087 tut-rie,
3016 2017 3212 2095 positi
3238 2018 3303 2077 in
3332 2034 3467 2077 cae·

1007 2128 1185 2184 ear03
1229 2113 1262 2173 I
1307 2116 1626 2192 epactium
1669 2115 1736 2173 in
1777 2120 1991 2180 castro
2031 2121 2100 2175 et
2137 2114 2169 2173 I
2212 2114 2277 2175 in
2332 2114 2569 2194 burgo;
2627 2113 3127 2174 iurisdietionem
3176 2120 3469 2174 nostram

1009 2210 1074 2268 in
1115 2218 1348 2284 castro,
1393 2230 1666 2283 caesare,
1711 2218 1913 2282 ourte,
1957 2217 2285 2273 reservata
2328 2214 2725 2290 proprietate
2766 2213 2833 2271 in
2874 2212 3051 2272 ouria
3090 2217 3159 2271 et
3192 2212 3329 2272 iure
3354 2232 3467 2290 pa-

1008 2310 1308 2368 tronatus
1348 2310 1414 2369 in
1445 2309 1628 2387 plebe
1657 2310 1738 2369 de
1771 2308 1991 2388 Nigra;
2024 2311 2301 2387 pretium
2334 2309 2455 2370 XL
2482 2308 2593 2370 lib.
2623 2309 2768 2371 den.
2799 2308 2977 2370 Vult.
3055 2309 3203 2369 Iota
3230 2310 3340 2388 qd.
3362 2310 3467 2370 Ti·

1007 2404 1172 2464 niosi
1215 2424 1378 2465 uxor
1418 2408 1712 2467 Ricoveri
1756 2408 2107 2467 consentio.
2218 2406 2363 2467 Aet.
2406 2406 2493 2467 ad
2554 2406 2802 2487 platam
2829 2408 2875 2483 ²)
2940 2408 3009 2467 in
3068 2406 3261 2467 domo
3316 2407 3466 2468 eool.

1007 2518 1058 2561 e.
1089 2500 1435 2563 Laurentii.
1524 2504 1933 2565 Bonaiuncta
1974 2503 2201 2565 iudice.
2236 2502 2643 2565 Bonacourso
2679 2504 2725 2563 f.
2758 2504 2962 2565 Anne.
2994 2504 3333 2565 Bonfiliolo
3358 2504 3467 2583 qd.

1003 2598 1333 2660 Tedeschi.
1417 2601 1728 2681 Tederigo
1767 2602 1811 2662 f.
1859 2600 2169 2680 Campuli.
2257 2601 2473 2663 Presb.
2506 2602 2845 2663 Guilielmo
2870 2602 3045 2663 dicte
3084 2602 3233 2663 ecel.
3316 2602 3469 2663 Vin·

1005 2698 1258 2757 centius
1299 2716 1348 2759 s.
1393 2700 1544 2777 imp.
1586 2707 1723 2760 not.
2398 2708 2404 2715 ’

1329 2796 1592 2857 Florenz
1633 2798 1788 2857 Ast.
1836 2798 2030 2873 (Volt.
2076 2796 2238 2859 1212
2290 2798 2341 2860 V
2382 2796 2442 2861 8.
2486 2818 2549 2857 π.
2595 2796 2740 2874 118)
2782 2796 2957 2875 ΟνίςῙ.

1011 2990 1149 3052 307.
2602 2993 2929 3066 Gkizzano,
2974 2993 3053 3053 11
3098 2992 3245 3053 Mai
3284 2992 3465 3054 1213.

1129 3086 1491 3161 MCCXIII,
1537 3091 1668 3151 ind.
1711 3090 1764 3161 1,
1795 3092 1969 3151 Vid.
2004 3090 2175 3151 mad.
2270 3088 2972 3151 Rainaldueoomes
2988 3089 3169 3168 ³)qd.
3214 3090 3469 3151 comitis

1010 3186 1258 3247 Alberti
1300 3189 1438 3247 iuro
1481 3188 1598 3249 tibi
1630 3187 1818 3250 Gullo
1847 3189 1953 3267 qd.
1988 3188 2231 3249 Faville
2262 3189 2573 3267 potestati
2611 3188 2785 3251 Vult.
2816 3194 3036 3249 tenere
3063 3206 3287 3266 pacem
3316 3204 3465 3247 eum

1007 3284 1376 3346 hominibus
1406 3286 1581 3347 Vult.
1613 3293 1680 3347 et
1706 3288 1898 3347 fort-ie
1926 3288 2062 3349 eius
2090 3294 2157 3347 et
2185 3286 2687 3355 coadiutoribuS,
2716 3286 3105 3347 nominatim
3131 3304 3281 3346 oum
3308 3287 3465 3347 lam-

1010 3381 1226 3443 bardis
1267 3389 1334 3443 et
1375 3383 1742 3445 hominibus
1784 3386 1864 3445 de
1906 3388 2325 3456 Castronoim,
2368 3391 2435 3444 et
2478 3403 2603 3444 non
2646 3382 2910 3444 reddere
2938 3383 3031 3444 eis
3066 3383 3305 3443 malum
3336 3402 3463 3445 me-

1007 3480 1206 3541 ritum
1248 3481 1349 3541 vel
1391 3482 1876 3563 guilliardonem
1902 3488 1950 3561 ⁴)
1995 3484 2075 3545 de
2117 3484 2357 3562 guerris
2398 3481 2589 3541 factis
2631 3480 2787 3542 mihi
2842 3486 2907 3541 et
2964 3480 3332 3571 horninibus
3385 3482 3469 3544 de

1008 3578 1126 3638 Ilci
1165 3585 1234 3638 et
1275 3578 1792 3641 Monterotundo.
1835 3580 2120 3653 Faciam,
2165 3578 2339 3658 quod
2381 3577 2697 3639 lambardi
2724 3584 2792 3637 et
2826 3577 3116 3639 homines
3145 3578 3227 3640 de
3256 3578 3370 3640 Ilei
3396 3584 3470 3640 et

1007 3674 1297 3735 homines
1339 3676 1420 3736 de
1463 3677 1967 3737 Monterotundo
2006 3696 2045 3737 a
2088 3675 2298 3737 XIIII
2354 3676 2439 3735 ad
2494 3674 2681 3735 LXX
2740 3694 2941 3737 annos
2997 3675 3305 3737 iurabunt
3344 3674 3469 3736 tibi

1007 3773 1176 3832 siout
1217 3792 1352 3851 eg0.
1399 3774 1652 3846 Omnia,
1697 3794 1822 3853 que
1863 3776 2073 3835 iuravi
2115 3774 2323 3835 faeere
2365 3773 2449 3833 ab
2504 3772 2871 3833 hominibus
2914 3772 2995 3833 de
3037 3772 3173 3839 Ilei,
3218 3772 3468 3834 Monte·

1006 3869 1306 3943 rotundo,
1352 3868 1570 3931 Monte
1615 3871 1971 3951 Ingengeri,
2016 3871 2251 3932 faciam
2293 3871 2429 3931 fieri
2471 3870 2558 3931 ad
2596 3868 2720 3930 XV
2771 3868 2925 3930 dies.
2976 3870 3129 3931 Iuro
3176 3870 3471 3949 homines

1005 3975 1073 4029 et
1117 3967 1289 4029 bona
1328 3970 1614 4029 civitatis
1655 3969 1832 4029 Vult.
1873 3990 2003 4031 non
2049 3969 2268 4029 tollere
2312 3990 2425 4029 noo
2468 3968 2809 4048 ephot-zare
2848 3988 2964 4029 neo
3006 3966 3279 4041 datium,
3322 3988 3469 4047 pas-

1008 4068 1281 4144 sagium,
1345 4068 1606 4148 guidam
1667 4069 1757 4127 eis
1814 4067 2059 4127 tollere.
2116 4067 2265 4127 Non
2320 4068 2623 4145 recipiam
2679 4067 2957 4146 aliquem
3018 4068 3224 4127 civem
3284 4064 3463 4127 Vuit.

1009 4165 1109 4223 vel
1151 4164 1478 4226 hominem
1520 4166 1678 4225 civis
1717 4186 1833 4226 nec
1876 4165 2221 4226 facientem
2278 4166 2530 4225 civitati
2586 4184 2879 4243 guerram
2933 4166 3001 4225 in
3056 4164 3213 4225 meis
3260 4164 3465 4225 terris.

1009 4260 1196 4321 Dabo
1237 4264 1590 4323 comiatum
1632 4263 1930 4324 omnibus
1972 4263 2051 4323 de
2094 4262 2477 4323 Castelnovo
2518 4268 2587 4321 et
2629 4262 2825 4333 Vult„
2872 4263 2981 4339 qui
3038 4280 3288 4322 meeum
3327 4260 3465 4322 fue-

1005 4364 1160 4419 runt
1201 4358 1269 4418 in
1310 4359 1438 4421 ista
1476 4379 1724 4440 guerra.
1768 4363 1834 4425 Si
1875 4360 2195 4421 discordia
2235 4360 2431 4421 fuerit
2472 4360 2821 4420 confinium
2863 4361 3062 4420 curtis
3102 4358 3185 4417 de
3224 4358 3466 4419 Casto}-

1153 4583 1192 4647 ¹)
1213 4582 1294 4633 Er
1313 4599 1426 4633 war
1445 4582 1884 4635 Gemeindenotar
1907 4600 2013 4635 von
2034 4586 2156 4635 §an
2183 4584 2525 4646 Gimiqnano.
2676 4584 2718 4647 ⁸)
2739 4602 2808 4631 =
2828 4582 3092 4649 plateam,
3116 4584 3230 4635 ital.
3258 4584 3465 4645 pinum

1005 4670 1050 4737 8)
1099 4672 1217 4723 Von
1253 4672 1661 4723 Montes-orontio
1697 4688 1801 4723 auo
1837 4674 1956 4724 dem
1998 4674 2185 4723 Home
2237 4672 2459 4725 Albani.
2608 4672 2651 4735 4)
2690 4672 2821 4723 Ital.
2874 4672 3214 4736 occidentem,
3264 4680 3278 4699 ‘
3309 4670 3469 4722 Gau·

1005 4760 1264 4826 qesohenk
1292 4760 1322 4807 ’.
