3817 5642
920 545 1361 601 REGESTUM
1400 545 2024 602 VOLATERRANU
2026 549 2086 601 M
2627 549 2735 602 18⁹

294 743 412 803 549.
1706 742 1755 802 V
1759 741 1997 811 olima.
2041 742 2122 802 16
2161 743 2507 820 September
2548 744 2728 806 1236.

393 837 880 914 MCCXXXVI,
924 839 1055 900 ind.
1101 839 1187 910 X,
1234 838 1393 901 XVI
1423 835 1550 900 kal.
1584 845 1710 899 oct.
1796 839 2097 900 Donatus
2129 839 2426 902 Ubertini
2454 840 2535 901 de
2563 840 2726 902 Flor.

294 937 446 998 Vult.
490 943 800 1016 potestas,
845 936 1180 998 consilium
1222 937 1497 1018 speciale
1538 943 1605 998 et
1645 937 1940 1015 generale
1982 945 2049 996 et
2092 937 2357 1016 quidam
2417 939 2562 1001 boni
2619 940 2730 1002 ho-

292 1035 475 1094 mines
513 1052 633 1111 pro
673 1033 932 1094 comuni
970 1034 1348 1094 iuraverunt
1389 1035 1685 1110 recipere,
1731 1032 2078 1106 dimittere,
2124 1037 2493 1113 permittere
2519 1037 2730 1097 eundo

289 1137 349 1191 et
382 1130 705 1192 redeundo
746 1130 835 1191 ire
876 1130 963 1190 ad
1002 1131 1337 1191 civitatem
1382 1130 1489 1190 Pa
1503 1149 1796 1208 ganum
1840 1130 2014 1193 Vult.
2059 1151 2160 1210 ep.
2219 1151 2366 1194 cum
2423 1133 2609 1194 sociis
2664 1141 2732 1196 et

286 1228 519 1290 familia
559 1235 625 1290 et
666 1230 1079 1290 securitatem
1122 1228 1442 1290 dederunt
1496 1231 1829 1292 occasione
1882 1230 2062 1308 pacis
2114 1229 2439 1305 faciendc;
2482 1233 2728 1292 iurave-

288 1333 425 1386 runt
465 1325 604 1388 XII
647 1328 963 1388 nominati
1004 1326 1347 1388 consiliarii
1386 1327 1633 1389 consilii
1672 1327 1982 1406 specialis,
2027 1326 2304 1390 XXIIII
2349 1330 2592 1391 consilii
2626 1349 2727 1409 gc-

286 1423 521 1499 nen-alis,
568 1425 769 1485 XXX
810 1425 893 1486 de
936 1425 1243 1485 adiuncta
1285 1423 1567 1498 consilio,
1612 1423 1682 1484 II
1724 1423 2014 1485 consules
2045 1433 2493 1488 mercatorum.
2583 1427 2726 1488 Act.

284 1525 347 1583 in
382 1523 575 1584 choro
630 1523 777 1584 eccl.
822 1543 871 1583 s,
931 1523 1131 1583 Mario
1184 1521 1265 1584 de
1321 1523 1497 1583 Vult.
1616 1521 1884 1584 Michele
1941 1525 2270 1602 preposito
2325 1522 2726 1586 Pecciolensi.

284 1621 557 1684 Plebano
584 1621 664 1683 de
691 1621 980 1684 Fabi-ica.
1028 1621 1312 1682 Plebano
1353 1621 1433 1682 de
1476 1621 1769 1684 Chianni.
1812 1621 2124 1700 Magistro
2151 1623 2556 1684 Brocchardo
2586 1644 2726 1685 can.

281 1719 449 1781 Vult.
494 1718 707 1780 Presb.
752 1719 1019 1780 Alberto
1060 1719 1141 1781 de
1183 1719 1563 1780 Fatalliano.
1608 1718 1851 1798 Sigei-io
1904 1718 2284 1798 cappellano
2337 1721 2486 1782 eccl.
2531 1741 2578 1782 s.
2624 1723 2725 1783 Io-

278 1819 501 1880 hannis
542 1823 623 1880 tt.
708 1819 1162 1880 Provenzanus
1202 1837 1249 1878 s.
1295 1820 1447 1898 imp.
1493 1824 1627 1878 not.

590 1917 853 1978 Florem
894 1916 1049 1977 Ast.
1098 1916 1287 1992 (Volt.
1329 1936 1394 1977 n.
1440 1915 1585 1992 420)
1630 1915 1803 1993 Oriy.

273 2178 413 2236 550.
1838 2173 2129 2246 Volterra,
2173 2178 2213 2237 2
2254 2175 2508 2238 Oktober
2547 2176 2726 2240 1236.

390 2275 681 2336 Vicarius
734 2274 1080 2354 potestatis
1134 2279 1204 2334 et
1256 2279 1609 2354 utrumque
1664 2273 2000 2334 consilium
2043 2273 2258 2336 Vult.
2319 2275 2730 2336 constituunt

268 2377 751 2453 procuratorem
792 2371 875 2432 ad
917 2370 1391 2452 procedendum
1436 2391 1650 2432 coram
1708 2377 2036 2450 potestate
2089 2371 2256 2433 Flor.
2301 2371 2381 2433 de
2421 2391 2580 2450 pace
2633 2372 2726 2433 fa-

268 2469 501 2531 cienda
542 2489 689 2530 cum
732 2471 989 2531 comuni
1032 2469 1297 2532 Sancti
1341 2469 1819 2532 Geminiani.

591 2567 849 2628 Florem
892 2566 1045 2628 Ast.
1096 2566 1283 2644 (Volt.
1330 2587 1391 2626 n.
1439 2567 1580 2642 442)
1625 2567 1799 2644 Θήῃ.
1886 2567 2002 2628 Ed.
2049 2567 2309 2628 Santini
2351 2569 2498 2629 Doc.
2545 2569 2683 2629 432.
2727 2643 2732 2650 ι

259 2828 409 2886 551.
1940 2823 2124 2892 Ricti,
2173 2825 2208 2883 7
2249 2823 2504 2884 Oktober
2545 2824 2723 2886 1236.

388 2923 855 2986 MCCXXXVI
882 2926 951 3001 ¹),
996 2923 1124 2983 ind.
1170 2923 1255 2995 X,
1298 2943 1448 2984 non.
1502 2933 1624 2984 oct.
1713 2923 1942 2983 Petrus
1999 2922 2297 2982 Saraceni
2354 2929 2730 3000 procurator

252 3023 559 3082 comunis
592 3019 767 3083 Vult.
801 3028 1199 3100 protestatus
1240 3027 1340 3081 est
1392 3040 1607 3082 coram
1666 3021 1826 3081 Atto
1883 3017 2174 3082 Oddonis
2229 3041 2274 3081 s,
2321 3018 2610 3082 Nicholai
2662 3022 2724 3082 in

252 3120 532 3181 Cat-cere
574 3119 735 3180 diac.
778 3117 947 3180 card.
992 3118 1385 3198 cappellano,
1428 3119 1539 3197 qui
1582 3120 1717 3180 eius
1758 3119 2074 3179 mandato
2115 3119 2392 3196 recipere
2447 3117 2728 3180 debebat

250 3225 469 3279 testes
510 3216 905 3279 inducendos
947 3217 1119 3278 inter
1158 3235 1427 3276 comune
1468 3221 1535 3274 et
1581 3214 1716 3292 (Pa
1731 3223 2050 3295 ganum)
2097 3235 2196 3295 ep.
2257 3215 2507 3293 (Vult),
2553 3217 2726 3294 quod

248 3316 485 3377 liceret
530 3313 655 3376 sibi
694 3333 1013 3394 opponere
1054 3317 1119 3374 in
1160 3331 1499 3394 personam
1543 3315 1829 3387 testium,
1878 3333 2038 3394 quos
2087 3313 2463 3375 Leunardus
2503 3333 2726 3392 procu-

250 3421 445 3474 rator
489 3413 734 3493 Pagani
776 3411 1007 3473 ducere
1049 3409 1449 3483 intendebat,
1508 3417 1575 3470 et
1631 3429 1849 3471 eorum
1904 3409 2086 3472 dicta
2140 3409 2494 3489 reprobare.
2581 3413 2724 3472 Act.

256 3513 478 3572 Reate
505 3513 553 3586 ²)
596 3511 663 3570 in
704 3510 983 3588 hospitio
1024 3528 1135 3568 seu
1165 3509 1343 3570 curia
1381 3509 1739 3570 cardinalis
1828 3507 2238 3570 Guilielmino
2265 3508 2401 3568 eius
2429 3516 2562 3572 not.
2593 3509 2726 3570 Ma-

252 3609 419 3672 theo
462 3607 703 3669 Guerre
742 3607 823 3668 de
862 3605 1251 3668 Toscanella.
1300 3608 1569 3669 Gemino
1624 3607 1669 3668 f.
1714 3605 1943 3686 Angeli
1985 3611 2065 3667 tt.
2148 3606 2518 3668 Ardovinus
2575 3609 2724 3686 imp.

254 3708 413 3767 aule
454 3705 652 3767 iudex
692 3713 760 3766 et
803 3712 938 3767 not.

594 3802 851 3863 Florenz
890 3803 1043 3863 Ast.
1093 3802 1285 3879 (Volt.
1330 3801 1578 3864 1237Χ
1606 3803 1659 3873 7,
1704 3821 1765 3862 n.
1814 3801 1958 3880 447)
2001 3803 2175 3880 Oriq.

258 4065 409 4124 552.
1786 4061 2080 4131 Volterra,
2123 4062 2204 4122 26
2245 4062 2504 4123 Oktoba·
2543 4061 2724 4123 1236.

388 4163 681 4224 vicarius
722 4166 789 4222 et
828 4161 1201 4240 utriumque
1242 4159 1577 4222 consilium
1619 4159 1837 4222 Vult.
1882 4161 2298 4222 constituunt
2353 4168 2726 4239 procurato-

258 4277 403 4320 rem
446 4260 534 4319 ad
574 4257 1145 4320 contradicendum
1190 4260 1505 4337 preceptis
1549 4259 1895 4336 potestatis
1940 4257 2106 4318 Flor.
2137 4257 2220 4318 de
2247 4276 2404 4336 pace
2430 4255 2724 4317 facienda

262 4373 419 4417 cum
460 4357 719 4428 comuni
761 4354 1049 4417 Sancti
1093 4355 1579 4416 Geminiani.

589 4455 849 4516 Florem
892 4452 1043 4513 AB&
1090 4452 1278 4530 (Volt.
1323 4473 1386 4514 n.
1432 4453 1576 4530 423)
1622 4453 1795 4531 Oriq.
1880 4453 2000 4512 Ed.
2045 4453 2305 4514 Sontini
2345 4453 2497 4514 Doc.
2543 4453 2682 4514 423.

426 4669 463 4732 ¹)
487 4670 712 4720 Rodien
734 4685 837 4720 aus
862 4667 1312 4719 MCCXXXVII.
1414 4671 1453 4730 ’·’)
1492 4669 1625 4718 Dort
1662 4685 1773 4717 war
1810 4669 1895 4717 die
1934 4670 2110 4719 Κυνὼ
2147 4685 2266 4718 vom
2309 4672 2334 4718 7
2375 4667 2502 4717 Juli
2537 4667 2620 4717 bia
2659 4671 2723 4718 27

264 4755 507 4810 okcoboe.
