3817 5642
979 486 1048 541 94
1637 487 2081 545 REGESTUM
2118 486 2803 542 VOLATERRANUM

985 700 1276 755 cureum3
1319 683 1440 744 hoc
1469 682 1760 745 fecerunt
1787 682 2097 762 parabola
2126 682 2414 743 Rainerii
2441 678 2722 742 habatie.
2806 680 2949 743 Act.
2980 680 3049 741 in
3074 680 3225 743 eccl.
3254 682 3459 741 castri

985 778 1468 841 Montisviridis.
1551 779 1872 857 Henrigus
1916 786 2049 841 not.
2094 781 2248 858 imp.

1311 876 1572 938 Florenz
1617 876 1766 938 Ast.
1817 878 2003 951 (Volt.
2050 898 2113 937 π.
2158 878 2261 955 80)
2304 877 2475 955 Oriy.

991 1064 1134 1126 273.
2232 1063 2366 1123 San
2410 1062 2809 1140 θίηιίρπαηο,
2854 1063 2932 1123 21
2974 1062 3230 1124 Januar
3273 1064 3455 1125 1205.

1111 1154 1461 1221 Palmerius
1501 1158 1611 1239 qd.
1661 1154 2001 1238 Angioleri,
2062 1160 2415 1221 Morandue
2473 1158 2579 1238 qd.
2606 1157 3023 1265 Galghineti,
3066 1160 3207 1220 Hoc
3236 1160 3313 1241 [..
3338 1163 3422 1241 .]¹
3434 1168 3453 1237 )

989 1258 1100 1335 qd
1177 1252 1521 1335 Ardingelli
1591 1261 1869 1317 rectores
1930 1263 1998 1316 et
2067 1256 2453 1319 consules
2516 1238 2774 1317 castri
2837 1256 3123 1319 Sancti
3184 1240 3457 1318 Gemi-

866 1356 872 1361 ’
990 1350 1225 1415 niani
1265 1354 1594 1414 firmamus
1637 1349 2149 1416 Ildebrando
2194 1354 2368 1415 Vult.
2414 1374 2532 1433 ep„
2574 1356 2751 1434 quod
2792 1374 2921 1417 non
2948 1354 3456 1417 erimusincon·

989 1448 1152 1525 silio,
1197 1450 1372 1529 quod
1411 1458 1625 1512 castra
1664 1452 1746 1513 de
1789 1450 2131 1530 Ulignano‚
2176 1452 2258 1513 de
2302 1452 2671 1513 Pulicciano
2714 1458 2831 1513 aut
2868 1452 2949 1513 de
2978 1452 3323 1515 Gambassi
3348 1453 3459 1515 de-

992 1556 1330 1611 struantur
1382 1554 1450 1608 et
1503 1550 1680 1631 quod
1721 1550 2013 1612 homines
2052 1569 2147 1629 ep.
2195 1550 2259 1611 in
2316 1550 2542 1611 Castro
2597 1550 2817 1611 Veteri
2870 1558 2935 1609 et
2990 1550 3179 1613 Novo
3234 1550 3463 1611 Sancti

993 1646 1356 1710 Geminiani
1377 1647 1462 1709 ad
1481 1648 1750 1709 servitia
1789 1646 2091 1711 refacient
2118 1654 2165 1725 ²)
2189 1654 2254 1708 et
2277 1650 2453 1729 quod
2478 1667 2669 1709 omne
2698 1654 3069 1725 preceptum
3097 1649 3181 1709 de
3206 1649 3457 1709 destru-

995 1747 1208 1807 ctione
1249 1744 1652 1806 eccleeiarum
1695 1744 1944 1805 factum
1988 1766 2028 1807 a
2070 1744 2454 1807 Brocciardo
2495 1752 2739 1807 rectore
2766 1747 2959 1807 castri
2987 1746 3209 1809 Sancti
3243 1748 3460 1809 Gemi·

997 1844 1196 1917 niani,
1225 1850 1346 1903 etc.
1373 1845 1445 1914 ⁸),
1475 1847 1544 1903 et
1569 1843 1745 1921 quod
1773 1842 2071 1904 dabimus
2099 1862 2199 1924 ep.
2223 1844 2288 1905 C.
2322 1842 2425 1905 lib.
2460 1842 2608 1905 bon.
2640 1844 2787 1906 den.
2820 1844 2939 1904 Pie.
2973 1850 3245 1905 monete.
3313 1846 3458 1906 Act.

873 1942 876 1945 ’
995 1941 1068 2003 in
1105 1940 1300 2001 domo
1341 1940 1614 2001 filiorum
1657 1940 1765 2019 qd.
1799 1940 2102 2001 Asseduti
2198 1960 2413 2001 coram
2457 1941 2804 2002 Lamberto
2844 1940 3069 2004 Sancti
3095 1940 3461 2003 Geminiani

997 2038 1340 2117 preposito.
1387 2038 1796 2100 Bonaccurso
1836 2039 1945 2116 qd.
1991 2037 2289 2099 Loctarii.
2336 2038 2526 2099 Dallo
2569 2037 2673 2119 qd.
2720 2036 3028 2099 Ranucci.
3058 2040 3323 2100 Iacomo
3349 2040 3457 2118 qd.

1001 2134 1316 2197 Asseduti.
1401 2137 1792 2198 Iuraverunt
1845 2136 1965 2197 hec
2004 2136 2499 2200 Ildebrandinus
2540 2136 2938 2209 Gradalonie,
2984 2138 3336 2199 saracenus
3380 2137 3462 2198 de

999 2233 1325 2312 CugnanO,
1375 2236 1603 2295 Petrus
1641 2232 2031 2315 Gimignalli‚
2075 2232 2345 2313 Viginus
2384 2234 2488 2313 qd.
2536 2234 2793 2307 Andr-ie,
2837 2233 3312 2296 Abracciabene
3341 2236 3461 2295 Ar-

1000 2326 1262 2409 dingelli
1298 2328 1606 2409 Galligtii,
1651 2330 2054 2393 Bonaocorso
2082 2331 2490 2393 instrumenti
2518 2331 2791 2410 scriptor
2856 2331 2923 2392 in
2950 2331 3147 2392 domo
3170 2332 3463 2394 comunis

1001 2426 1223 2489 Sancti
1263 2426 1666 2505 Gemignani,
1723 2428 2057 2501 MCCIIII,
2081 2430 2215 2489 XII
2248 2428 2374 2489 kal.
2398 2428 2730 2501 febr.,ind.
2757 2428 2937 2490 VIII.
3024 2428 3463 2491 Bonaccorsus

1003 2528 1134 2586 not.
1183 2523 1285 2605 qd.
1332 2524 1481 2601 imp.

1329 2620 1481 2683 Volt.
1528 2620 1765 2683 AVeec.
1809 2642 1856 2683 ε.
1905 2622 2093 2682 XIII
2134 2623 2254 2683 dec.
2300 2624 2336 2683 1
2378 2642 2440 2683 π.
2486 2624 2525 2683 6
2565 2616 2735 2699 Ονίρ.

1007 2806 1143 2869 274.
2592 2808 2669 2867 M
2673 2828 2923 2880 eumne,
2968 2809 3047 2869 11
3092 2808 3238 2869 Mai
3280 2808 3459 2869 1205.

1128 2904 1616 2965 Sacramentum
1645 2904 1979 2965 hominum
2011 2911 2078 2964 et
2105 2907 2396 2965 comunis
2425 2906 2506 2966 de
2532 2907 2845 2967 Menzano
2870 2925 2904 2966 c
2922 2926 3039 2968 om
3056 2927 3099 2967 u
3116 2907 3195 2966 ni
3230 2905 3460 2967 Vult.

1006 3000 1274 3062 factum.
1359 3002 1512 3062 Iuro
1554 3002 1803 3068 salvare
1846 3002 2259 3063 Vulterranoe
2298 3022 2411 3081 per
2454 3002 2713 3065 fortiam
2756 3004 2838 3064 de
2880 3002 3191 3065 Menzano
3230 3010 3463 3065 contra

1009 3117 1250 3169 omnes,
1292 3098 1574 3177 exceptis
1617 3102 1854 3160 comite
1881 3098 2271 3161 Ildebrando
2294 3104 2364 3177 ⁴),
2398 3099 2835 3177 (Ildebrando)
2872 3118 2969 3177 ep.
3001 3099 3202 3171 Vult„
3230 3100 3461 3161 Senen-

1007 3196 1202 3270 sibue‚
1239 3198 1624 3269 Collisianis;
1657 3198 1863 3259 facere
1891 3196 2209 3259 rationem
2235 3194 2657 3273 vulterranis,
2680 3182 2820 3260 ‘non
2845 3194 3067 3259 tollere
3100 3196 3463 3278 pedagium.

1005 3295 1394 3356 Iuraverunt
1434 3294 1742 3356 CCXXII
1785 3292 2116 3355 nominati.
2204 3294 2447 3367 MCCV,
2480 3295 2535 3355 V
2567 3296 2647 3356 id.
2681 3294 2853 3367 maii,
2878 3292 3005 3355 ind.
3029 3294 3213 3355 VIII.
3298 3294 3470 3356 Acta

1009 3398 1411 3453 sacramenta
1453 3390 1519 3451 in
1559 3396 1772 3451 castro
1812 3393 1892 3453 de
1928 3392 2242 3453 Menzano
2268 3394 2339 3455 in
2364 3392 2584 3472 platea
2610 3392 2730 3455 sub
2759 3392 2951 3455 ulmo,
3036 3392 3316 3471 Ugolino
3356 3393 3465 3470 qd.

1009 3487 1090 3548 de
1144 3487 1210 3550 la
1260 3487 1453 3548 Petra
1515 3488 1772 3548 consule
1828 3489 2001 3550 Vult.
2067 3490 2379 3551 Gratiano
2440 3490 2830 3568 camarlingo
2893 3495 2970 3550 tt.
3079 3488 3469 3550 Benedictus

1013 3585 1202 3647 iudex
1247 3586 1378 3647 ord.
1423 3591 1490 3645 et
1533 3584 1808 3647 tabellio

1331 3682 1588 3743 morem.
1629 3682 1782 3743 Ast
1833 3683 2017 3759 (νοιι.
2064 3684 2225 3745 1205
2276 3684 2369 3745 VI
2413 3683 2469 3757 9,
2515 3704 2575 3743 n
2622 3683 2724 3759 83)
2769 3683 2938 3759 orio.

1011 3870 1147 3929 275.
2581 3870 2930 3946 (Voiterra).
2976 3870 3057 3930 24
3096 3868 3245 3928 Mai
3288 3869 3468 3929 1205.

1130 3966 1376 4039 MCCV,
1421 3966 1623 4027 VIIII
1673 3962 1796 4027 kal.
1843 3965 1993 4039 iun.‚
2038 3968 2163 4029 ind.
2218 3967 2399 4028 VIII
2500 3966 2898 4027 Discordiam
2956 3967 3122 4026 inter
3174 3964 3471 4041 Spilia-

1017 4069 1180 4123 tum
1205 4066 1250 4139 5)
1285 4063 1725 4125 Florentinum
1767 4071 1835 4123 et
1877 4064 2333 4125 Rustiehinum
2362 4066 2467 4143 qd.
2494 4064 2676 4126 Grilli
2715 4064 2796 4125 de
2840 4062 2963 4137 via,
3008 4080 3203 4140 quam
3250 4062 3470 4123 Rusti-

1014 4160 1236 4221 chinus
1279 4159 1546 4238 petebat
1588 4182 1627 4221 a
1668 4160 1939 4239 Spiliato
1982 4179 2095 4236 per
2136 4166 2392 4234 terram,
2438 4178 2635 4239 quam
2672 4158 2979 4238 Spiliatus
3007 4160 3166 4219 emit
3190 4178 3229 4218 a
3259 4157 3471 4219 Bona·

1014 4260 1242 4337 giunta
1280 4263 1348 4318 et
1388 4257 1722 4329 Detisalvi,
1775 4258 1842 4318 in
1896 4258 2269 4318 Rainerium
2314 4257 2683 4319 Dirindonis
2738 4265 2807 4319 et
2859 4252 3081 4317 Talem
3136 4254 3472 4317 Guarnerii

1161 4440 1204 4499 ¹)
1243 4439 1400 4488 Mehr
1376 4454 1484 4490 rere
1521 4438 1857 4488 Buche'aben
1891 4438 2214 4501 abqeaehabt.
2387 4438 2430 4502 55)
2474 4456 2534 4485 z
2574 4438 2804 4491 servitia
2838 4438 2973 4487 dare
3008 4436 3114 4486 den
3082 4450 3190 4485 nuo
3230 4436 3471 4501 compel-

1015 4527 1147 4578 lent.
1295 4526 1338 4591 5)
1376 4529 1486 4577 So!
1633 4528 1674 4591 5)
1713 4528 1830 4576 Ilde
1835 4529 1860 4576 b
1863 4529 2024 4578 randi
2027 4544 2065 4577 n
2110 4527 2191 4578 VI
2230 4528 2429 4577 Aldobr
2430 4528 2621 4579 andeec
2598 4544 2673 4577 c.a
2822 4524 2867 4589 5)
2900 4516 3038 4575 Uber
3056 4524 3344 4589 Spiliatue,
3368 4522 3473 4575 den

1016 4616 1366 4668 Stammvator
1388 4616 1480 4667 der
1505 4616 1804 4666 bekannten
1825 4616 2005 4666 Fami'
2008 4618 2073 4667 ie.
2104 4617 2222 4666 dese
2225 4632 2347 4665 ena
2330 4618 2520 4665 'Ileates
2543 4616 2784 4678 Zeuqme
2820 4614 2934 4665 hier
2958 4614 3193 4677 vorlicqt,
3218 4612 3362 4663 aiche
3383 4610 3473 4663 dio

1023 4705 1155 4757 Urk.
1195 4721 1298 4756 von
1334 4707 1472 4757 1213
1511 4705 1605 4754 IX
1645 4709 1729 4765 16,
1770 4706 1931 4755 Santi
1935 4707 1994 4755 ni
2030 4706 2141 4753 Do
2146 4722 2250 4767 .p.
2281 4707 2399 4756 237.
