3817 5642
935 512 1380 567 REGESTUM
1417 513 1524 567 VO
1535 512 1686 565 LAT
1703 511 2053 566 ERRANU
2066 515 2117 565 M
2656 513 2761 566 335

247 710 526 782 banda,
569 710 704 789 ipse
745 714 1146 789 protestatus
1187 715 1287 769 est
1329 710 1680 771 terminum
1729 728 1872 789 ⁵non
1930 710 2160 779 valore,
2204 728 2350 769 cum
2400 710 2761 785 assignatus

249 808 354 866 sit-
410 808 547 867 sine
589 826 778 867 cause
820 806 1183 885 cognitione
1225 812 1291 867 et
1326 826 1472 868 cum
1500 825 1632 866 non
1659 807 1748 867 sit
1787 813 2159 885 competens
2188 806 2403 876 iudex,
2435 811 2518 875 et,
2548 806 2601 865 si
2630 824 2761 883 qua

249 918 374 965 est
425 906 770 983 responsi0‚
816 906 991 984 quod
1049 925 1177 966 non
1232 904 1454 975 credit,
1499 907 1652 965 viva
1699 924 1852 966 voce
1916 905 1999 965 ad
2062 905 2464 965 Bonifatium
2520 924 2759 983 papam

249 1003 570 1081 appellat
611 1010 676 1063 et
722 1003 1098 1082 appostolos
1139 1003 1259 1063 sibi
1301 1004 1440 1064 dari
1485 1007 1668 1082 petit.
1761 1002 1906 1064 Act.
1952 1004 2160 1063 Masso
2202 1005 2267 1063 in
2299 1003 2595 1063 viridario
2625 1006 2754 1079 epi·

251 1103 481 1181 scopi.
567 1104 679 1165 Ser
723 1102 1071 1163 Fuschono
1113 1112 1247 1163 not.
1293 1102 1374 1161 de
1415 1101 1628 1163 Massa
1670 1106 1736 1161 et
1780 1100 2025 1179 Iacopo
2068 1102 2434 1161 Benvenuti
2462 1102 2541 1161 de
2570 1101 2757 1162 Sasso

253 1206 352 1260 tt..
455 1198 1137 1273 MCCLXXXXVIII,
1181 1198 1309 1259 ind.
1357 1197 1474 1265 XI,
1522 1198 1730 1259 XXII
1773 1219 1908 1277 apr.
1997 1199 2186 1257 Ianni
2234 1218 2332 1258 ser
2378 1198 2753 1257 Bernardini

261 1304 424 1357 not.
470 1297 552 1357 de
592 1296 766 1357 Vult.
813 1304 983 1357 auct.
1031 1299 1181 1373 imp.
1227 1296 1419 1357 iudex
1463 1296 1597 1357 ord.
1645 1305 1711 1357 et
1749 1302 1884 1357 not.

609 1396 870 1455 Florem
909 1395 1059 1454 ASt.
1111 1395 1292 1468 (Volt.
1341 1414 1396 1453 n.
1447 1394 1650 1470 1395).

264 1593 423 1651 983.
1517 1589 1747 1649 Mae-sa
1793 1588 2175 1662 Mariuima‚
2216 1588 2299 1650 22
2340 1588 2533 1666 April
2576 1588 2751 1649 1298.

404 1687 729 1749 Orlandus
789 1707 886 1765 ep.
953 1688 1308 1758 Maesanus,
1362 1692 1666 1747 executor
1735 1686 2100 1747 litterarum
2158 1684 2377 1746 fratris
2446 1686 2756 1747 Mathei

271 1784 513 1861 (card.)
558 1803 656 1863 ep.
696 1783 1192 1845 Portuensis
1233 1790 1301 1843 et
1340 1802 1391 1843 s.
1439 1782 1715 1855 Ruffine,
1761 1782 1959 1862 legati
2000 1781 2356 1861 apostolici,
2401 1782 2755 1860 assigna-vit

265 1882 523 1943 Iacobo
565 1882 846 1943 Barzerii
888 1882 1286 1960 procuratori
1327 1882 1616 1942 comunis
1649 1880 1827 1942 Vult.
1881 1882 2228 1942 terminum
2273 1880 2338 1940 X
2378 1880 2626 1942 dierum
2668 1881 2753 1941 ad

267 1981 719 2043 reducendum
775 1980 1132 2042 Guidonem
1190 1979 1495 2041 abbatem
1551 2000 1718 2040 mon.
1779 1999 1828 2039 s,
1876 1980 2055 2041 Petri
2096 1979 2177 2040 de
2218 1979 2630 2041 Monteviridi
2686 1982 2751 2040 in

269 2082 746 2159 possessionem
789 2081 1158 2141 monasterii
1187 2082 1251 2157 ¹).

605 2178 866 2238 Florem
907 2176 1062 2239 Ast.
1111 2178 1294 2253 (Volt.
1339 2198 1400 2238 η.
1447 2175 1632 2254 1397)
1677 2176 1849 2253 Oriy.

276 2375 425 2433 984.
1985 2370 2163 2444 Rom,
2210 2372 2289 2434 24
2332 2373 2527 2451 April
2568 2375 2747 2435 1298.

405 2471 894 2533 Bonifatius
933 2471 1162 2543 VIII
1195 2472 1546 2549 (Rainerio)
1603 2490 1700 2549 ep.
1746 2470 1921 2531 Vult.
2008 2468 2250 2531 Narrat
2297 2489 2365 2531 se
2418 2490 2533 2550 per
2587 2472 2719 2547 M(a
2685 2494 2748 2532 a·

273 2570 538 2645 theum)
582 2571 752 2631 card.
797 2590 892 2649 ep.
937 2570 1360 2631 Portuensem
1400 2570 1658 2630 novisse
1700 2570 1916 2647 ipsum
1966 2567 2050 2628 ab
2108 2590 2133 2623 ‹
2146 2588 2183 2623 o
2237 2568 2322 2629 ad
2363 2570 2748 2649 recipienda,

275 2688 410 2745 que
451 2669 708 2729 racione
748 2670 952 2729 crucis
993 2667 1420 2739 destinantur,
1453 2671 1520 2726 et
1549 2667 1633 2727 ad
1675 2666 2107 2727 ordinandum
2137 2668 2493 2730 adventum
2536 2686 2745 2729 cruce·

273 2767 692 2845 signatorum
734 2767 1122 2844 deputatum
1166 2783 1301 2826 esse
1342 2771 1409 2826 et
1450 2764 1941 2826 sollicitudinem
1985 2764 2301 2825 habuisse.
2366 2764 2603 2845 Rogat,
2649 2775 2744 2839 ut,

275 2862 398 2941 qui
464 2860 882 2941 personaliter
939 2865 1378 2925 transmittere
1433 2863 1657 2933 velint,
1715 2864 1925 2941 parati
1984 2864 2148 2934 sint;
2218 2864 2327 2941 qui
2388 2864 2745 2925 subsidium

275 2959 663 3038 largiantur,
705 2960 866 3020 illud
907 2963 966 3021 ei
993 2964 1128 3021 sine
1160 2981 1340 3022 mora
1367 2962 1645 3022 solvant.
1731 2980 1758 3018 (ι
1785 2962 1884 3021 Ad
1928 2980 2007 3021 ea
2024 2980 2067 3021 ι).
2154 2962 2303 3021 Dat.
2338 2962 2543 3023 Rome
2572 2962 2747 3041 apud

277 3078 326 3118 s.
377 3055 643 3118 Petrum
683 3057 852 3119 VIII
894 3058 1017 3119 kal.
1063 3060 1235 3130 maii,
1280 3066 1460 3137 pont.
1506 3057 1667 3119 1111.

614 3155 764 3217 Volt.
815 3156 1053 3218 AVeec.
1099 3177 1146 3217 ε.
1189 3156 1380 3217 XIII
1421 3157 1542 3217 dec.
1587 3156 1670 3217 10
1710 3176 1770 3218 π.
1816 3156 1895 3217 31
1953 3156 2121 3233 Oriq.
2185 3156 2401 3233 (Bulla
2454 3156 2745 3229 verlore‘n,

601 3253 720 3329 aus
758 3252 866 3314 der
905 3254 1092 3315 Plica
1133 3253 1325 3314 recht-9
1367 3255 1448 3314 de
1489 3255 1712 3329 curia).
1795 3253 1915 3313 Ed.
1962 3252 2183 3315 Giachi
2214 3256 2234 3285 ‘⁶'
2266 3254 2476 3330 497²).

279 3446 422 3507 985.
1655 3448 2025 3525 Beriqnone,
2068 3448 2149 3509 13
2189 3446 2525 3508 November
2563 3447 2743 3509 1298.

402 3543 1084 3617 MCCLXXXXVIII,
1125 3546 1260 3605 ind.
1291 3545 1448 3618 XII,
1483 3544 1654 3607 XIII
1695 3566 1848 3605 nov.
1934 3546 2403 3625 Raynerius
2441 3564 2539 3624 ep.
2562 3546 2741 3607 Vult.

279 3642 614 3703 ordinavit
643 3644 1019 3721 magistrum
1051 3641 1358 3703 Iacobum
1388 3643 1632 3720 Pagani
1657 3642 1739 3702 de
1767 3642 2045 3720 Piperno
2085 3642 2533 3722 cappellanum
2571 3643 2746 3704 Petri

277 3762 328 3801 S.
380 3740 580 3800 Mario
627 3759 795 3801 nove
850 3740 1011 3801 diac.
1057 3740 1225 3801 card.
1270 3739 1604 3800 absentem
1645 3759 1834 3800 suum
1879 3742 2189 3801 vicarium
2233 3741 2318 3801 ad
2365 3742 2743 3801 confirman-

277 3837 440 3897 dum
483 3855 626 3896 cum
687 3836 946 3897 Davino
968 3838 1014 3914 ⁸)
1050 3838 1251 3917 priore
1279 3838 1554 3915 generali
1585 3837 2256 3907 ord.‚camaldulensis
2286 3838 2739 3899 Francischum

278 3933 731 4011 cappellanum
774 3934 1112 3995 cardinalis
1155 3936 1220 3994 in
1262 3934 1568 3995 abbatem
1611 3934 1692 3994 de
1737 3935 2007 3995 Adelmo
2050 3934 2333 3996 Camald.
2377 3935 2511 3993 ord.
2538 3934 2737 3995 -Vult.

277 4033 469 4110 dyoc.
554 4032 697 4093 Act..
743 4033 812 4092 in
839 4051 1089 4093 cassaro
1117 4033 1198 4092 de
1229 4034 1598 4109 Berignone.
1687 4034 1930 4111 Angelo
1972 4052 2109 4094 can.
2154 4031 2358 4110 plebis
2387 4031 2647 4093 Aretine
2677 4037 2742 4091 et

281 4130 553 4189 Herrico
595 4130 868 4207 plebano
909 4148 959 4189 s,
1006 4130 1256 4209 Reguli.
1341 4130 1694 4191 Ubertinus
1735 4130 1919 4191 Tichi
1956 4131 2037 4191 de
2080 4129 2325 4191 Gaville
2366 4135 2502 4190 not.

611 4227 763 4289 Vozt.
811 4227 1046 4289 AVeec.
1090 4246 1137 4287 3.
1185 4226 1372 4287 XIII
1413 4228 1532 4289 dec.
1577 4227 1658 4289 10
1697 4249 1757 4288 n.
1802 4229 1885 4288 33
1926 4229 2095 4304 Oriq.

429 4462 471 4527 ¹)
511 4462 622 4521 Ort,
660 4462 878 4524 Zeuqen
913 4465 1027 4512 und
1052 4464 1256 4512 Datum
1283 4464 1378 4512 wie
1415 4464 1494 4512 im
1529 4463 1759 4525 voriqen.
1894 4464 1937 4527 ε)
1978 4463 2133 4512 Fehlt
2169 4464 2232 4511 in
2267 4465 2361 4513 der
2397 4471 2569 4513 ersten
2604 4464 2740 4523 Ans-

278 4553 416 4615 laqe.
563 4549 606 4611 ⁸)
649 4549 768 4599 Aua
806 4551 979 4601 dieser
1016 4552 1173 4601 διεῖλε
1211 4568 1522 4601 zusammen
1558 4552 1661 4601 mit
1698 4567 1752 4601 n.
1794 4554 1898 4601 976
1938 4552 2135 4614 eryiebt
2168 4552 2301 4609 sich,
2340 4554 2468 4602 daos
2504 4553 2596 4603 der
2637 4554 2739 4602 Ca-

279 4640 894 4690 maldulemer-General
941 4642 1124 4690 David
1173 4642 1470 4705 (Davinua)
1526 4642 1658 4690 doch
1705 4640 2053 4690 unmictelbar
2102 4642 2202 4701 aus
2250 4642 2525 4704 Friydian
2560 4642 2733 4704 folqte,

281 4745 396 4777 was
435 4728 726 4779 Mittanlli
760 4730 907 4779 Ann.
951 4730 1100 4781 Cam.
1138 4732 1226 4780 IV
1269 4732 1496 4780 2:35-327·
1534 4746 1602 4779 zu
1641 4730 1958 4793 wider-leyen
1995 4731 2111 4779 sich
2145 4731 2377 4781 bamam.
