3817 5642
907 594 1128 650 REGE
1138 594 1356 649 STUM
1396 595 2084 697 VOLATERRANIIM
2658 598 2727 653 37

259 790 556 851 nedictus
600 809 698 869 ep.
743 810 824 851 ss.
870 789 932 851 S.
980 810 1064 851 m.
1109 792 1420 854 Gherardi
1463 800 1530 855 et
1559 794 1847 871 Inghitii.
1877 793 2059 855 Avisi
2086 813 2211 873 que
2242 794 2543 855 Chunitio
2588 814 2725 855 voc.

255 888 306 947 f.
357 887 417 947 b.
464 908 548 948 m.
596 888 856 950 Chuniti
898 895 983 949 tt.
1025 890 1302 959 Uuinizo
1343 897 1422 952 tt.
1467 910 1550 951 ss.
1595 891 1658 952 S.
1705 911 1790 952 m.
1837 889 2159 953 Uuillelmi
2191 892 2237 951 f.
2270 890 2331 951 b.
2378 910 2463 951 m.
2495 891 2727 953 Chuni-

259 986 542 1047 chumde
583 1006 708 1065 que
749 986 1054 1047 Chunitia
1096 1007 1235 1049 voc.
1281 994 1362 1049 tt.
1450 988 1624 1051 Otdo
1666 994 1802 1051 not.
1847 989 1979 1067 inp.

600 1083 757 1146 Volt.
790 1085 1028 1146 AVesc.
1057 1104 1107 1147 s.
1139 1084 1246 1145 XI
1287 1086 1410 1147 dee.
1442 1088 1482 1147 1
1523 1108 1585 1147 n.
1625 1087 1664 1147 6
1709 1086 1878 1164 Oria.

261 1281 362 1341 99.
1734 1282 2033 1354 Ῡοῑίεπα,
2079 1282 2116 1342 1
2157 1280 2503 1359 September
2542 1281 2723 1343 1005.

391 1378 533 1451 MV,
579 1378 706 1439 kal.
751 1384 937 1457 sept„
983 1378 1116 1438 ind.
1161 1378 1323 1439 IIII.
1425 1379 1937 1442 Benedictus
1994 1379 2207 1440 Volot.
2253 1399 2352 1458 ep.
2399 1379 2506 1441 lib.
2552 1399 2724 1441 nom.

263 1475 346 1535 ad
394 1494 656 1537 censum
696 1475 783 1536 do
823 1474 1018 1536 Petro
1056 1476 1104 1535 f.
1150 1475 1212 1536 b.
1259 1495 1344 1536 m.
1390 1476 1624 1537 Bamci
1669 1478 1916 1556 petiam
1956 1482 2122 1537 terre
2162 1495 2312 1536 cum
2353 1495 2501 1536 casa
2527 1495 2725 1555 prope

263 1575 604 1636 civitatem
658 1573 835 1634 Luca
887 1580 955 1636 et
1009 1592 1208 1654 prope
1263 1579 1453 1653 porta
1513 1595 1564 1635 s.
1611 1574 1876 1635 Gervasi
1938 1580 2011 1635 et
2054 1574 2206 1635 eccl.
2264 1594 2313 1635 s.
2366 1574 2585 1646 Marie,
2630 1580 2723 1635 te-

262 1677 526 1732 nentem
569 1673 636 1733 in
677 1673 785 1733 via
825 1670 1102 1749 plubica,
1147 1679 1320 1734 terra
1361 1692 1410 1733 s.
1458 1673 1657 1734 Marie
1696 1673 1911 1734 Volot.
1955 1691 2118 1751 quas
2160 1671 2373 1733 libello
2413 1671 2560 1732 dedi
2602 1672 2723 1734 Ve-

261 1770 531 1831 nerandi
555 1774 623 1847 ¹),
647 1781 818 1831 terra
839 1770 950 1830 Lei
971 1770 1016 1830 f.
1043 1770 1398 1843 Benedicti,
1421 1790 1540 1849 pro
1564 1790 1746 1851 pens.
1771 1790 1884 1849 per
1912 1788 2101 1831 omne
2120 1775 2398 1849 augusto
2419 1769 2727 1842 solvenda

263 1886 402 1947 arg.
446 1866 592 1927 den.
635 1866 698 1927 b.
741 1886 886 1946 exp.
932 1866 1232 1937 XXIIII:
1275 1886 1420 1946 pen.
1465 1888 1600 1947 arg.
1632 1868 1744 1929 sol.
1777 1866 1990 1928 XXV.
2078 1866 2221 1927 Act.
2252 1867 2587 1928 Voloterre
2610 1865 2725 1927 ubi

261 1963 388 2023 dic.
433 1963 695 2024 castello
735 1963 996 2024 Albuini
1027 1966 1097 2039 ²).
1194 1964 1583 2028 Benedictus
1623 1984 1723 2043 ep.
1769 1984 1850 2025 ss.
1881 1964 1945 2024 S.
1977 1983 2061 2024 m.
2094 1963 2285 2025 Petri.
2316 1963 2641 2025 Uuillelmi
2674 1964 2723 2023 f.

265 2060 327 2120 b.
375 2080 460 2121 m.
505 2060 808 2122 Sialberti
845 2080 972 2140 que
1013 2060 1279 2123 Sichitio
1322 2080 1460 2124 voc.
1493 2062 1792 2123 Uuiberti
1832 2061 1878 2122 f.
1925 2061 1985 2121 b.
2047 2080 2132 2121 m.
2190 2062 2347 2121 item
2402 2059 2721 2120 Uuiberti.

265 2158 593 2220 Lamberti
638 2159 681 2219 f.
727 2159 790 2220 b.
835 2179 920 2219 m.
966 2159 1270 2238 Flaiperti
1315 2166 1396 2220 tt.
1443 2160 1720 2221 Uuinizo
1763 2166 1844 2219 tt.
1889 2180 1972 2219 ss.
2018 2158 2192 2221 Otdo
2220 2163 2356 2219 not.
2402 2158 2532 2235 inp.

594 2257 754 2318 Volt.
801 2256 1020 2335 AGap.
1066 2278 1130 2318 n.
1177 2258 1256 2319 48
1298 2257 1470 2347 Oriq.

267 2450 406 2510 100.
1903 2452 2203 2523 Volterra,
2244 2448 2500 2513 Oktober
2540 2450 2717 2511 1005.

345 2549 493 2614 MV.
537 2549 776 2623 octub„
821 2551 953 2611 ind.
1011 2556 1264 2629 quarta.
1384 2551 1890 2612 Benedictus
1953 2569 2052 2628 ep.
2111 2549 2323 2610 Volot.
2382 2550 2489 2610 liv.
2549 2568 2719 2609 nom.

262 2645 414 2707 dedi
458 2646 810 2709 Adalberto
848 2647 895 2708 f.
943 2647 1004 2708 b.
1049 2668 1135 2708 m.
1180 2648 1416 2711 Hilditi
1459 2655 1525 2710 et
1571 2648 1977 2709 Ghisalberto
2018 2648 2166 2709 f.·b.
2200 2666 2284 2707 m.
2315 2647 2524 2707 Petini
2554 2646 2719 2707 fum-

261 2742 574 2807 damento
597 2748 644 2822 ⁸)
687 2751 755 2807 et
796 2747 1076 2808 casalino
1116 2749 1185 2808 in
1226 2747 1575 2821 LavaianO,
1606 2768 1655 2807 r.
1686 2767 1801 2825 per
1826 2747 1937 2827 qd.
1970 2747 2201 2808 Petrus
2228 2745 2723 2807 Solaciafummo

260 2860 477 2914 mass„
521 2850 598 2905 ut
638 2862 752 2922 per
791 2844 936 2905 fest.
982 2864 1031 2904 s.
1076 2844 1276 2905 Mai-ie
1317 2846 1382 2905 in
1432 2864 1579 2927 aug.
1639 2864 1899 2906 censum
1956 2843 2241 2905 reddatis
2288 2842 2610 2923 arg-den.
2656 2843 2718 2903 b.

257 2958 408 3018 exp.
451 2940 660 3020 qualis
701 2961 813 3021 per
853 2946 1053 3021 temp.
1078 2963 1137 3004 o.
1161 2942 1462 3017 duodeci3
1506 2963 1651 3024 pen.
1697 2962 1828 3024 arg.
1859 2940 1973 3003 sol.
2018 2940 2469 3021 quadraginta.
2573 2940 2718 3000 Act.

261 3037 596 3099 Voloterre
636 3058 834 3117 prope
874 3040 1069 3101 domo
1110 3060 1160 3099 s.
1204 3040 1424 3101 Marie.
1511 3040 1898 3101 Benedictus
1928 3059 2027 3118 ep.
2059 3059 2141 3099 sS.
2172 3038 2236 3099 S.
2268 3058 2354 3102 m.
2384 3036 2721 3098 Adalberti

256 3140 324 3195 et
367 3134 779 3198 Ghisalberti.
822 3136 1103 3199 Muberti
1143 3136 1190 3199 f.
1235 3137 1297 3198 b.
1343 3158 1429 3198 m.
1473 3140 1630 3199 item
1672 3138 1971 3198 Muberti.
2016 3138 2279 3199 Chuniti
2305 3136 2351 3197 f.
2383 3135 2447 3196 b.
2480 3156 2563 3195 m.
2593 3134 2720 3195 Tu·

255 3233 370 3293 nili
417 3234 528 3312 qui
571 3233 697 3295 fuit
738 3235 963 3296 clerico
1005 3240 1086 3296 tt.
1130 3236 1406 3298 Uuinizo
1448 3241 1528 3297 tt.
1573 3254 1655 3295 ss.
1742 3234 1917 3297 Otdo
1958 3240 2091 3296 not.
2138 3236 2269 3314 inp.

592 3332 750 3393 Volt.
797 3332 1034 3394 AVeec.
1079 3354 1130 3393 s.
1176 3332 1283 3393 XI
1323 3333 1446 3395 dec.
1492 3335 1529 3393 1
1573 3353 1635 3392 n.
1686 3334 1722 3393 7
1763 3332 1934 3410 Oriq.

260 3528 399 3587 101.
1848 3526 2143 3599 Volterra,
2188 3526 2270 3587 30
2310 3526 2495 3586 Μᾶνκ
2536 3525 2715 3585 1007.

378 3622 599 3695 MVII,
667 3624 771 3683 III
826 3624 952 3686 kal.
1017 3644 1176 3704 apr„
1241 3624 1374 3686 ind.
1434 3625 1509 3687 V.
1635 3624 2145 3686 Benedictus
2207 3644 2287 3703 ep
2362 3623 2576 3686 Volot.
2633 3620 2718 3683 ad

253 3741 522 3783 censum
565 3722 650 3781 do
691 3721 887 3783 Petro
937 3729 1005 3784 et
1059 3722 1353 3785 Uuinitio
1409 3730 1476 3784 et
1531 3722 1860 3785 Gherardo
1915 3744 2017 3804 gg.
2073 3723 2120 3784 f.
2178 3722 2241 3783 b.
2299 3741 2385 3783 m.
2451 3721 2717 3801 Inghitii

252 3817 420 3880 duas
463 3839 646 3881 casas
687 3822 752 3881 in
789 3820 931 3881 loco
971 3820 1175 3894 Sest0‚
1220 3822 1349 3881 iam
1390 3840 1440 3881 r.
1485 3840 1598 3901 per
1638 3820 1746 3900 qd.
1791 3820 1924 3883 Leo
1951 3828 2016 3881 et
2045 3820 2280 3897 Poso⁴)
2332 3826 2399 3881 et
2439 3818 2718 3880 Gennari

255 3924 320 3977 et
365 3918 660 3997 Angnelo
702 3938 892 3979 mass.
949 3926 1016 3979 et
1067 3919 1264 3980 modo
1317 3939 1446 3981 una
1501 3939 1614 3998 per
1669 3920 1866 3981 Berto
1918 3920 1965 3980 f.
2012 3918 2285 3981 Iohanni
2329 3925 2399 3979 et
2438 3918 2565 3978 alia
2607 3936 2719 3996 per

254 4015 454 4076 Pet-ro
497 4022 564 4076 et
605 4015 856 4096 Populo
893 4023 962 4079 et
1003 4017 1275 4078 Iohanni
1319 4017 1364 4078 f.
1411 4018 1519 4097 qd.
1564 4018 1855 4097 Angneli,
1914 4024 1989 4078 ut
2032 4019 2097 4077 in
2138 4017 2285 4078 fest.
2330 4036 2379 4077 s.
2412 4018 2609 4077 Marie
2650 4016 2717 4076 in

254 4120 452 4193 gusto
481 4116 530 4191 ⁵)
571 4112 860 4175 reddatis
901 4134 1190 4193 annuam,
1211 4134 1388 4194 pens.
1419 4118 1738 4176 orientum
1759 4115 1905 4177 den.
1929 4114 2226 4176 XXXVI
2248 4115 2311 4176 b.
2340 4133 2485 4193 exp.
2510 4112 2717 4192 qualis

253 4230 366 4288 per
395 4218 598 4289 temp.
636 4231 719 4285 o.;
748 4232 894 4290 pen.
925 4214 1244 4273 arientum
1272 4213 1385 4273 sol.
1415 4214 1774 4275 sexxainta.
1859 4213 2053 4273 Hact.
2085 4212 2225 4274 loco
2252 4214 2427 4274 intus
2456 4211 2717 4273 castello

253 4310 431 4387 quod
462 4315 564 4369 est
603 4310 769 4370 infra
797 4312 1064 4372 civitate
1095 4310 1556 4373 Voloterrense.
1623 4312 2051 4381 *Benedictus
2076 4331 2177 4391 ep.
2208 4330 2289 4371 ss.
2314 4311 2376 4371 S.
2422 4331 2508 4370 m.
2538 4310 2713 4370 Petri

255 4412 322 4467 et
363 4406 644 4467 Uuinitii
687 4414 754 4505 et
797 4407 1127 4470 Gherardi.
1173 4408 1371 4469 Uuidi
1414 4410 1459 4469 f.
1506 4410 1567 4470 b.
1603 4430 1685 4469 m.
1717 4409 1880 4469 Sitii.
1912 4409 2283 4488 Angheradi
2310 4410 2420 4486 qui
2458 4407 2716 4469 Cunitio

403 4636 444 4697 ⁸)
485 4633 641 4683 Siehe
677 4648 731 4682 n.
771 4636 854 4685 89.
1001 4636 1046 4700 ²¹)
1075 4633 1232 4684 Nacta
1255 4634 1464 4696 Reponi
1499 4636 1581 4685 im
1618 4634 1795 4695 Borao
1818 4634 1874 4683 S.
1903 4634 2203 4683 Franmoo
2224 4648 2303 4682 cm
2325 4631 2418 4682 der
2452 4633 2717 4683 Weetses‘oe

263 4724 562 4777 Vo'oerao:
602 4723 742 4773 σαι-ὴ
790 4730 958 4773 amn
997 4738 1051 4773 n.
1101 4726 1203 4774 115
1248 4722 1493 4773 erwdlmt.
1642 4722 1686 4787 ³)
1726 4722 1815 4774 Im
1853 4721 2208 4771 Mittellatein
2259 4720 2717 4783 qleiohbedeusend

255 4812 350 4861 mit
387 4811 620 4863 fundus.
768 4812 809 4873 ⁴)
857 4812 1146 4863 Ver-besam
1181 4828 1286 4862 aus
1325 4814 1486 4861 Potio
1653 4810 1695 4871 ⁵)
1736 4832 1804 4858 :-
1840 4817 2095 4876 augusta
