3817 5642
1132 522 1237 576 160
1772 523 2220 603 REGESTUM
2255 524 2944 580 VOLATERRANUM

1128 717 1475 782 Bonifatio.
1522 719 1903 800 Bonaguida
1945 721 2054 802 qd.
2099 723 2324 784 Parisi.
2370 720 2692 782 Guidocto
2717 729 2788 784 et
2813 722 3052 784 Iacobo
3094 723 3476 802 iurisperitis
3507 729 3595 784 tt.

1128 815 1559 878 Bontalentus
1598 819 1732 898 inp.
1778 817 1965 879 Fred.
2007 828 2145 881 not.

1445 915 1708 978 Florem
1750 916 1901 980 Ast.
1949 918 2136 994 (Vou.
2178 919 2344 980 1227
2383 917 2468 978 II·
2503 918 2603 990 22,
2647 938 2710 980 n.
2755 918 2901 996 263)
2943 917 3114 994 Orio.

1122 1111 1259 1172 454.
2721 1113 3063 1185 Ρίοοωὴίο,
3111 1115 3148 1174 7
3186 1115 3237 1176 J
3238 1134 3350 1175 um
3395 1115 3587 1176 1228.

1242 1207 1735 1284 MOCXXVIII,
1780 1209 1914 1272 ind.
1959 1211 2012 1284 Ι,
2059 1211 2189 1274 V11
2231 1210 2318 1272 id.
2363 1213 2496 1272 iun.
2581 1212 2958 1290 Paganus
3014 1232 3115 1290 ep.
3159 1213 3334 1274 Vult.
3393 1213 3592 1274 dedit

1122 1310 1189 1369 in
1229 1307 1497 1370 feudum
1540 1308 1984 1370 Ildibrandino
2025 1307 2330 1371 Gualdini
2371 1309 2452 1372 de
2493 1309 2792 1372 Certaldo
2833 1309 3086 1387 podere,
3131 1309 3302 1388 quod
3341 1311 3592 1373 habuit

1124 1407 1545 1468 Rustiehinus
1584 1413 1653 1468 et
1696 1406 1981 1468 Berardo
2021 1409 2159 1468 eius
2199 1407 2244 1468 f.
2289 1409 2352 1468 in
2397 1413 2610 1468 castro
2651 1407 2731 1466 de
2773 1408 3138 1470 Puliceiano
3191 1409 3272 1470 ad
3309 1429 3589 1472 censum

1119 1503 1259 1566 XII
1302 1507 1713 1566 sestariorum
1754 1508 1960 1584 grani.
2041 1505 2184 1566 Act.
2229 1507 2298 1567 in
2339 1506 2532 1566 domo
2575 1508 2789 1584 pontis
2832 1507 2912 1566 de
2959 1507 3301 1586 Figocchio
3354 1527 3588 1569 coram

1118 1601 1527 1680 Ben(edicto)
1572 1603 1813 1664 abbate
1854 1603 1936 1664 de
1981 1603 2185 1665 Elmo.
2231 1603 2539 1682 Magistro
2570 1603 2917 1665 Laurentio
2945 1611 3012 1664 et
3049 1607 3303 1668 Simone
3327 1606 3588 1668 Massa·

1116 1703 1219 1762 nis
1258 1719 1400 1761 ean.
1444 1699 1845 1762 Bernardino
1884 1699 2161 1779 plebano
2190 1701 2270 1760 de
2311 1699 2602 1762 Fabrica.
2687 1699 2973 1764 Fidanza
3017 1707 3151 1762 not.

1447 1799 1605 1862 Vola.
1651 1800 1889 1862 AVeec.
1934 1819 1981 1860 ε.
2029 1797 2220 1860 XIII
2259 1799 2381 1861 dec.
2425 1799 2466 1860 3
2505 1821 2567 1860 π.
2613 1798 2696 1862 20
2734 1799 2904 1877 Oriq.

1114 1997 1251 2056 455.
2421 1995 2830 2068 Montanae,
2875 1995 2953 2057 11
2995 1995 3342 2074 September
3383 2000 3586 2062 1228.

1234 2093 1725 2166 MCOXXVIII,
1770 2095 1901 2156 ind.
1949 2095 2002 2162 Ι,
2048 2094 2154 2154 III
2197 2095 2282 2157 id.
2327 2100 2490 2173 sept.
2575 2095 2829 2156 Salvius
2875 2113 3177 2156 monacus
3211 2101 3279 2157 et
3318 2117 3584 2160 camar-

1112 2193 1343 2273 lingus,
1388 2191 1629 2265 Bonus,
1674 2193 2060 2265 Sinibaldus,
2123 2193 2355 2254 Avitus
2413 2195 2664 2254 monaci
2719 2213 2770 2252 s.
2815 2193 2992 2253 Petri
3047 2193 3128 2254 de
3169 2195 3440 2256 Monte
3467 2201 3582 2258 vi·

1110 2289 1318 2351 ridis
1358 2288 1675 2350 dederunt
1717 2289 2092 2368 parabolam
2136 2289 2373 2350 Iacobo
2415 2289 2565 2350 abb.
2609 2290 3048 2350 constituendi
3085 2299 3584 2368 procuratorem

1110 2392 1177 2450 in
1220 2389 1397 2448 curia
1438 2407 1604 2466 pape
1646 2387 1733 2448 ad
1774 2387 2031 2447 lieteras
2071 2387 2510 2464 impetrandas
2553 2394 2620 2446 et
2669 2386 2910 2447 iudices
2961 2387 3288 2468 eligendos
3327 2399 3396 2450 et
3451 2412 3584 2471 pa·

1110 2485 1397 2547 rabolam
1441 2485 1528 2547 ad
1568 2484 1952 2564 capiendam
1993 2489 2336 2562 pecuniam
2377 2491 2607 2545 mutuo
2647 2505 2764 2563 pro
2802 2484 2997 2546 dictis
3039 2487 3328 2566 negotiis.
3411 2492 3579 2552 Aet.

1109 2587 1175 2644 in
1220 2582 1396 2644 dioto
1452 2603 1623 2644 mon.
1738 2581 2090 2662 Angelocto
2145 2583 2254 2660 qd.
2313 2581 2698 2644 Guidalocti.
2757 2583 3034 2645 Fasiano
3087 2585 3196 2663 qd.
3256 2585 3585 2650 Ricia-rdi.

1110 2680 1427 2742 Bonofilio
1468 2679 1576 2758 qd.
1626 2681 1920 2758 Arigepti
1961 2685 2042 2738 tt.
2129 2677 2404 2756 Sigerius
2445 2699 2498 2737 fl.
2541 2680 2695 2756 imp.
2743 2686 2878 2739 not.

1428 2777 1693 2838 Florem
1736 2777 1885 2839 Ast.
1935 2777 2123 2852 (Volt.
2169 2797 2231 2837 π.
2276 2775 2422 2854 294)
2465 2775 2636 2852 Oria.

1104 2975 1241 3033 456.
2525 2971 2820 3048 quia,
2867 2972 2947 3032 12
2985 2969 3337 3049 September
3376 2973 3576 3037 1228.

1223 3067 1667 3148 Gregorius
1710 3067 1825 3129 IX
1870 3068 2183 3148 (Pagano)
2228 3067 2427 3139 Vult„
2463 3067 2787 3144 (Bonfilio)
2831 3069 2976 3130 Sen.
3005 3087 3105 3145 ep.
3133 3075 3206 3130 et
3230 3077 3583 3148 preposito

1102 3168 1490 3228 Marturensi
1532 3166 1697 3226 Flor.
1742 3166 1905 3226 dioc.
1993 3165 2314 3236 Potestas,
2360 3165 2572 3238 iudex,
2617 3164 2960 3226 consiliarii
2999 3165 3176 3227 Vult.
3219 3173 3577 3247 conquesti

996 3309 999 3314 -
1100 3270 1273 3336 sunt,
1317 3264 1511 3343 quod,
1556 3282 1705 3324 cum
1746 3264 1898 3324 olim
1944 3265 2308 3341 prepositus
2349 3269 2414 3321 et
2455 3257 2814 3341 capitulum
2852 3261 3058 3340 plebis
3105 3263 3344 3326 Montis
3402 3265 3572 3328 Vui-

1100 3363 1279 3423 trarii
1322 3368 1547 3422 contra
1588 3380 1697 3422 eos
1738 3379 1928 3438 super
1955 3361 2255 3438 dampnis
2285 3361 2366 3420 ad
2397 3360 2803 3438 (Mai-tinum)
2829 3358 3172 3420 archidiac.
3203 3359 3348 3422 Seu.
3377 3382 3574 3426 suos·

1098 3479 1225 3540 que
1266 3459 1627 3520 coniudices
1672 3451 1919 3520 litteras
1962 3479 2064 3536 ap.
2113 3460 2585 3536 impetrassent,
2631 3459 2824 3518 iidem
2881 3459 3231 3520 sentientes
3286 3481 3354 3520 se
3409 3483 3570 3543 gra·

1100 3559 1259 3630 vari,
1302 3557 1477 3636 quod
1520 3557 1729 3618 locum
1770 3575 2066 3616 securum
2108 3557 2430 3636 assignare
2471 3555 2799 3627 nolebant,
2843 3555 2929 3616 ad
2954 3555 3174 3618 sedem
3199 3577 3303 3636 ap.
3335 3559 3573 3638 appel-

1096 3655 1343 3726 larunt3
1388 3654 1501 3714 sed
1542 3654 1801 3716 iudices·
1826 3655 1895 3715 in
1935 3671 2042 3714 eos
2073 3655 2804 3714 excommunicationem
2831 3661 2901 3714 et
2927 3653 3346 3717 interdictum
3391 3658 3570 3718 tule-

1094 3759 1267 3814 runt.
1293 3753 1453 3814 Cum
1476 3752 1891 3832 postmodum
1921 3771 2180 3812 causam
2204 3751 2656 3830 appellationis
2675 3772 2718 3812 a
2738 3752 3081 3828 H(onorio)
3109 3753 3569 3830 predecessore

1096 3849 1483 3928 (Gratiadio)
1526 3870 1625 3929 ep.
1669 3850 1900 3911 Pistor.
1947 3848 2344 3909 obtinuerint
2387 3849 2686 3928 delegari,
2731 3850 2831 3910 hic
2875 3847 3100 3910 abbati
3139 3869 3191 3910 s.
3233 3851 3462 3914 Savini
3487 3861 3566 3914 et

1094 3949 1329 4024 G(allo)
1372 3968 1515 4010 can.
1560 3949 1687 4009 Pis.
1730 3967 1875 4008 eam
1917 3946 2380 4024 subdelegavit.
2424 3946 2872 4008 Predecessore
2927 3954 3186 4009 mortuo
3223 3949 3432 4011 abbas
3485 3959 3567 4014 et

1092 4067 1233 4108 can.
1276 4046 1617 4126 procedere
1658 4048 2012 4105 omiserunt
2053 4051 2140 4116 et,
2187 4043 2336 4105 licet
2375 4065 2548 4124 papa
2589 4053 2814 4123 postea
2855 4065 3114 4106 causam
3161 4045 3562 4124 (Gratiadio)

1092 4165 1191 4223 ep.
1236 4145 1624 4207 commiserit
1654 4149 1719 4222 ¹),
1765 4152 1982 4204 tamen
2029 4146 2390 4221 prepositus
2433 4149 2499 4204 et
2541 4145 2898 4222 capitulum
2939 4144 3256 4222 quasdam
3299 4146 3567 4208 litteras

1090 4243 1175 4304 ad
1218 4245 1607 4322 prepositum
1656 4242 1804 4302 Sen.
1850 4249 1916 4300 et
1959 4260 2106 4301 suos
2149 4241 2424 4320 collegas
2451 4261 2492 4302 a
2521 4261 2684 4320 pape
2711 4261 2902 4320 super
2931 4240 3380 4304 observatione
3408 4263 3562 4304 sen-

1090 4345 1460 4410 tentiarum,
1504 4339 1587 4399 de
1628 4340 2059 4418 appellatione
2102 4357 2176 4398 ac
2219 4338 2450 4398 litteris
2491 4338 2572 4399 de
2614 4346 3105 4417 procuratorum
3133 4341 3416 4418 partium
3447 4361 3569 4402 as·

1086 4459 1275 4500 sensu
1318 4437 1603 4498 obtentis
1644 4457 1771 4498 non
1814 4436 2042 4497 habita
2097 4439 2444 4506 mentione,
2501 4438 3012 4515 impetraverunt
3067 4437 3233 4500 inira
3287 4445 3564 4519 tempus

1084 4535 1525 4616 prosequende
1568 4535 2018 4614 appellationis
2061 4555 2100 4594 a
2141 4537 2276 4594 iure
2317 4535 2634 4612 prefixum
2658 4537 2728 4614 ²);
2761 4555 2801 4595 a
2825 4534 3059 4614 quibus
3089 4535 3258 4596 idem
3288 4537 3568 4614 (Vult),

1230 4743 1273 4809 ι)
1310 4742 1471 4792 scene
1506 4755 1559 4792 n.
1601 4743 1721 4791 434.
1868 4742 1912 4806 Β)
1949 4740 2067 4789 mn
2103 4741 2263 4798 Jahr.
2303 4741 2443 4792 mot.
2475 4755 2520 4794 ο.
2562 4745 2592 4792 5
2620 4741 2693 4802 X.
2717 4741 2808 4802 11,
2837 4745 2918 4794 23.
