3817 5642
1078 561 1193 614 2⁰8
1732 559 2174 614 REGESTUM
2211 559 2265 610 V
2267 559 2652 613 OLATERR
2659 559 2768 612 AN
2777 559 2895 612 UM

2507 654 2585 660 —
2694 655 2839 660 --—-——-
2960 653 3141 662 ----...-

1086 655 1244 662 -——-
1551 657 1562 660 -
1591 657 1666 660 —-
1735 655 1870 660 ψ-

1077 757 1463 838 capellanus,
1506 777 1621 838 per
1660 761 1878 836 partes
1919 755 2058 816 illas
2095 757 2412 816 transiens
2459 755 2543 815 ab
2597 757 2706 829 ejs,
2765 753 2919 834 quia
2971 775 3190 815 eorum
3245 756 3441 834 aliqui
3500 777 3544 817 a

1078 857 1207 917 suis
1248 855 1735 934 consanguineis
1758 851 2236 924 detinebantur,
2267 853 2439 914 exire
2465 872 2579 932 per
2605 859 2862 933 tempus
2890 851 3380 932 impediebatur,
3403 873 3542 916 non

1076 959 1298 1014 tamen
1338 953 1407 1014 in
1446 971 1547 1032 ap.
1592 951 1763 1014 sedis
1803 953 2124 1024 iniuriam,
2166 950 2438 1029 ideoque
2471 969 2580 1012 eos
2607 952 3210 1024 excommunicavit,
3241 951 3362 1012 sibi
3387 971 3538 1030 sup-

1075 1051 1362 1131 plicasse,
1408 1055 1483 1110 ut
1522 1068 1633 1110 eos
1660 1047 1912 1110 absolvi
1941 1048 2298 1110 mandaret.
2383 1047 2607 1108 Electo
2631 1048 3002 1118 committit,
3033 1055 3110 1109 ut
3143 1055 3314 1126 agat,
3343 1057 3544 1128 prout

1078 1147 1305 1208 honori
1342 1147 1601 1208 ecclesie
1649 1146 1881 1207 viderit
1921 1145 2239 1232 expedire.
2323 1145 2532 1208 «Cum
2573 1147 2738 1206 sicut
2757 1164 2800 1204 t.
2889 1145 3036 1206 Dat.
3067 1145 3369 1224 Lugduni
3393 1147 3541 1208 IIII

1077 1243 1201 1306 kal.
1246 1263 1402 1324 apr„
1444 1249 1624 1323 pont.
1669 1243 1854 1304 VIII.

1406 1341 1557 1402 Volt.
1606 1342 1843 1402 AVesc.
1886 1359 1938 1402 s.
1983 1339 2171 1400 XIII
2217 1339 2390 1418 App.
2433 1340 2474 1401 3
2513 1340 2685 1418 Oriq.
2721 1339 2928 1412 (Bane
2954 1341 3241 1402 ver-lorea.
3273 1341 3406 1419 Aut
3429 1342 3544 1402 der

1394 1439 1724 1500 Riickseite
1788 1436 2048 1499 Electus
2120 1436 2588 1500 Vulterranusl.
2645 1439 2828 1498 Liber
2869 1439 3108 1500 durium
3161 1438 3244 1498 19
3283 1440 3384 1500 cit.
3439 1441 3545 1500 als

1402 1537 1753 1597 Alexander
1794 1535 1919 1596 IV.

1078 1685 1215 1746 634.
2801 1686 2878 1745 L
2856 1706 2997 1764 jon
3043 1687 3079 1747 1
3123 1686 3315 1764 April
3355 1688 3538 1750 1225]

1195 1784 1747 1846 Innocentius
1786 1783 1893 1848 IV
1935 1785 2268 1864 potestati,
2309 1781 2574 1844 consilio
2615 1791 2684 1845 et
2723 1786 3048 1844 communi
3087 1784 3284 1846 castri
3319 1787 3542 1847 Sancti

1078 1883 1455 1943 Geminiani.
1540 1881 1723 1943 Sicut
1766 1881 2156 1958 mainerius)
2199 1881 2374 1942 Vult.
2418 1881 2656 1943 electus
2697 1883 2768 1944 in
2805 1883 3126 1960 presentia
3175 1901 3346 1962 pape
3391 1903 3540 1962 pro-

1076 1981 1311 2058 posuit,
1336 1979 1558 2042 Saneti
1578 1979 1942 2042 Geminiani
1964 1979 2253 2041 hominos
2273 1980 2362 2040 ad
2381 1979 2524 2042 eccl.
2553 1979 2844 2042 Romane
2863 1979 3176 2060 gremium
3195 1981 3544 2042 redeuntes

1076 2077 1347 2138 electum
1390 2077 1663 2158 benigne
1704 2084 2098 2156 receperunt.
2145 2077 2482 2148 Hortatur,
2529 2079 2832 2156 quatinus
2886 2077 3088 2139 eleeto
3143 2077 3228 2138 ad
3277 2097 3540 2156 recupe-

1076 2174 1389 2235 rationem
1428 2175 1897 2254 possessionum
1939 2181 2008 2234 et
2046 2175 2282 2236 iurium
2309 2175 2718 2254 episcopatus
2751 2177 3060 2236 assistant
3087 2179 3150 2252 ¹).
3231 2197 3262 2236 e
3279 2174 3540 2238 Gaude·

1078 2293 1222 2334 mus
1262 2273 1329 2334 in
1370 2273 1650 2334 Domino
1670 2293 1715 2334 ι).
1800 2271 1952 2334 Dat.
1995 2273 2296 2348 Lugduni
2335 2273 2460 2334 kal.
2505 2293 2660 2352 apr.‚
2701 2281 2880 2354 pont.
2925 2273 3112 2334 VIII.

1402 2371 1555 2432 Volt.
1602 2371 1839 2432 AVesc.
1884 2389 1932 2430 ε.
1977 2369 2165 2430 XIII
2193 2371 2318 2432 dec.
2351 2372 2479 2432 622.
2511 2371 2750 2448 30ri9.
2785 2371 3002 2445 (Bulla
3023 2371 3339 2446 ver-loten).
3413 2373 3542 2433 Ed.

1402 2467 2164 2530 Giaohi¹170-—².485
2236 2469 2355 2530 Git.
2405 2467 2782 2546 Hymni-1
2829 2469 3008 2530 1449.
3052 2469 3198 2546 Req.
3231 2469 3304 2529 P.
3335 2471 3550 2530 14:278

1396 2587 1517 2628 aus
1560 2567 1619 2628 U
1626 2567 1833 2644 9712112

1077 2721 1216 2780 6:35.
2443 2719 2582 2780 San
2623 2719 3022 2796 Gimiqnano,
3067 2719 3106 2782 4
3145 2719 3316 2781 June
3355 2720 3541 2784 1251.

1198 2817 1645 2890 Mch1,ind
1693 2815 1877 2887 VIII,
1923 2817 1995 2878 II
2037 2836 2184 2878 non.
2227 2817 2358 2877 iun.
2445 2817 2852 2878 Ranerius
2907 2817 3081 2878 Vult.
3125 2817 3367 2878 electus
3419 2839 3544 2897 pro

1076 2915 1442 2976 rehabendo
1482 2921 1767 2976 castrum
1808 2914 1889 2976 de
1921 2913 2247 2976 Puliciano
2277 2933 2316 2974 a
2345 2914 2495 2975 Neri
2525 2912 2890 2976 Piccholino
2915 2915 3268 2994 recepimus
3303 2923 3541 2978 mutuo

1076 3032 1117 3072 a
1157 3011 1427 3073 Paltone
1468 3012 1574 3091 qd.
1622 3009 2002 3074 Melioranze
2042 3011 2124 3072 de
2165 3010 2408 3073 Sancto
2447 3011 2832 3073 Geminiano
2875 3011 2980 3072 lib.
3025 3010 3188 3074 DCC
3227 3013 3372 3074 den.
3406 3013 3536 3074 Pis.

1080 3115 1201 3170 vet.
1230 3113 1297 3186 ²),
1328 3115 1393 3169 et
1423 3108 1909 3186 Scuarcialupus
1953 3110 2058 3188 qd.
2103 3109 2397 3181 Lutterii,
2443 3109 2710 3170 Dandus
2753 3111 2857 3188 qd.
2903 3109 3300 3178 GradaloniS,
3353 3110 3538 3172 Man·

1077 3207 1282 3282 ,aerius
1323 3208 1429 3285 qd.
1474 3206 1791 3278 Palmerii,
1842 3207 2188 3268 Nicholaus
2227 3207 2338 3284 qd.
2381 3208 2652 3274 Andoee,
2699 3207 3062 3268 Gualterius
3091 3209 3194 3286 qd.
3228 3209 3539 3285 Gregorii,

1078 3305 1491 3365 Guicciardus
1531 3306 1637 3384 qd.
1680 3305 1955 3383 Arrighi,
2001 3303 2402 3366 Bonacursus
2459 3305 2565 3382 qd.
2611 3305 2904 3373 Lutum-ii,
2965 3305 3383 3382 Bonensegna
3427 3307 3536 3384 qd.

1078 3403 1375 3474 Fidanze,
1420 3402 1740 3464 Tedaldus
1784 3404 1885 3482 qd.
1921 3402 2206 3474 Gentilis‚
2245 3401 2533 3463 Ubaldus
2561 3403 2666 3481 qd.
2707 3402 3058 3474 Boldronis,
3099 3402 3399 3463 Albertus
3427 3405 3535 3481 qd.

1079 3501 1437 3579 Rugerotti,
1484 3500 1797 3562 Ranerius
1838 3507 1971 3563 not.
2017 3501 2124 3581 qd.
2171 3501 2381 3570 Gnidi,
2429 3499 2727 3561 Braccius
2769 3500 2874 3579 qd.
2919 3500 3328 3573 Francobari,
3391 3501 3538 3562 Ric-

1075 3601 1207 3658 cius
1250 3597 1353 3676 qd.
1398 3598 1659 3671 Tiniosi‚
1707 3599 1982 3658 Iacobus
2025 3599 2066 3658 f.
2115 3599 2476 3659 Bonaiunte
2507 3599 2901 3660 fideiussores
2929 3619 3044 3659 nos
3066 3601 3534 3660 constituimus

1078 3697 1217 3756 Act.
1258 3698 1326 3757 in
1368 3699 1605 3760 Sancto
1650 3697 2030 3758 Geminiano
2063 3700 2126 3758 in
2154 3697 2532 3758 dormitorio
2562 3697 2778 3776 plebis,
2867 3697 3314 3775 Guiglielmino
3345 3698 3384 3758 f.
3425 3699 3534 3757 A!-

1077 3795 1258 3855 berti.
1304 3795 1534 3872 Egidio
1577 3795 1659 3856 de
1704 3797 2046 3856 Acbari-siis
2085 3794 2296 3856 iudice
2329 3779 2418 3856 'de
2463 3793 2771 3856 Bononia.
2804 3794 3166 3873 Beringerio
3209 3797 3536 3874 preposito

1078 3892 1293 3970 plebis
1344 3892 1661 3952 Rainaldo
1702 3893 1806 3970 qd.
1856 3893 2132 3953 Ranerii.
2181 3891 2415 3953 Iacobo
2457 3893 2838 3970 archipresb.
2873 3893 3044 3953 Vult.
3078 3893 3353 3953 Aliverio
3382 3913 3534 3970 cap·

1078 3989 1326 4068 pellano
1374 3992 1631 4052 Ranerii
1673 3995 1749 4050 tt.
1836 3989 2222 4050 Lambertus
2265 3999 2396 4050 not.
2443 3991 2484 4050 f.
2533 3989 2779 4052 Braccii
2823 3989 3224 4051 Francobari.

1404 4088 1559 4150 Volt.
1608 4087 1845 4148 AVe-sc.
1886 4107 1934 4146 S.
1982 4087 2170 4146 XIII
2213 4089 2331 4148 dec.
2379 4089 2418 4148 6
2459 4109 2520 4147 n.
2566 4088 2604 4146 5
2647 4089 2816 4163 Oriy.

1076 4286 1210 4344 636.
2551 4284 2846 4360 Peruqia,
2894 4284 2934 4344 8
2975 4285 3041 4344 Ν
3043 4305 3204 4344 ovem
3213 4286 3310 4344 ber
3347 4283 3528 4345 1251.

1198 4377 1743 4439 Innocentius
1786 4379 1819 4438 I
1838 4378 1894 4437 V
1935 4379 2284 4454 (Rainerio)
2315 4379 2515 4438 electo
2543 4375 2717 4438 Vult.
2802 4378 3090 4449 Mandat,
3125 4385 3198 4439 ut
3228 4379 3534 4456 magistro

1077 4477 1351 4538 Martino
1392 4478 1717 4556 preposito
1759 4477 2088 4537 Parmensi
2129 4478 2456 4556 capellano
2501 4497 2637 4549 suc,
2681 4497 2871 4555 quem
2914 4477 3000 4538 ad
3055 4475 3532 4538 reformandam

1224 4667 1263 4731 )
1301 4667 1369 4716 S
1370 4668 1458 4716 ech
1483 4667 1765 4717 auchassi
1766 4675 1850 4714 ιιιιι
1857 4683 1871 4713 ι
1939 4669 2048 4714 und
2076 4668 2219 4715 Gelde
2221 4669 2350 4716 virts
2351 4668 2412 4716 ch
2417 4668 2540 4728 aasz
2519 4669 2632 4717 »ΙΙ
2663 4669 2764 4718 352..
2790 4668 2998 4716 Anmer
2995 4667 3146 4730 kunq
3171 4671 3218 4718 4.
3327 4664 3530 4728 ⁴)Ver-

1076 4757 1271 4821 qlst‘che
1308 4764 1472 4806 umen
1510 4773 1561 4806 η.
1605 4759 1721 4804 (566.
1766 4758 1881 4805 1572.
1929 4760 2028 4804 “579
2073 4757 2181 4805 und
2218 4757 2475 4804 «Bistam
2517 4758 2627 4805 und
2652 4757 3076 4817 Geldwirtschalt
3105 4772 3128 4804 ν
3163 4757 3234 4805 ΙΙ
3261 4758 3370 4806 293.
3397 4755 3528 4806 302.
