3817 5642
881 568 1324 625 REGESTUM
1363 570 2057 625 VOLATERRANUM
2520 546 2543 567 “
2594 574 2695 625 329

223 765 498 827 libertas
540 764 624 826 ab
666 766 964 829 omnibus
1003 765 1382 828 officialibus
1423 766 1816 839 observetur,
1859 774 1928 829 et
1980 768 2103 829 hoc
2156 769 2697 831 stantiamentum

223 866 318 925 sit
361 868 687 925 statutum
729 867 1034 927 comunis.
1081 864 1330 927 Ratum
1384 886 1498 944 per
1552 864 1941 932 LXXXXV
1987 868 2297 947 pallottas
2353 870 2577 929 missas
2630 870 2696 929 in

225 960 494 1023 bussolo
533 961 682 1023 albo
722 962 826 1023 del
870 970 884 995 ‘
909 965 962 1023 si
986 963 1024 1035 ',
1068 982 1199 1023 non
1242 962 1654 1024 obstantibus
1695 964 1832 1024 XX
1870 963 2163 1044 pallottis
2204 966 2413 1027 missis
2452 967 2519 1026 in
2550 965 2696 1026 bus-

223 1059 370 1121 solo
411 1062 592 1137 nigro
637 1068 652 1092 ‘
673 1059 774 1121 del
819 1080 904 1123 no
930 1061 968 1121 '.
1080 1060 1286 1123 Facta
1325 1063 1394 1122 in
1435 1060 1682 1139 palatio
1721 1063 2011 1125 comunis
2052 1062 2273 1125 Sancti
2316 1064 2693 1125 Geminiani.

227 1156 812 1231 MCCLXXXXV,
857 1160 987 1221 ind.
1033 1158 1253 1232 VIIII,
1297 1158 1571 1221 XVIIII
1613 1165 1799 1221 mart.
1924 1160 2138 1223 Nosus
2178 1166 2313 1223 not.
2354 1161 2399 1222 f.
2444 1162 2549 1241 qd.
2581 1162 2695 1225 Or·

226 1254 412 1315 laudi
453 1254 662 1316 scriba.
702 1258 995 1317 comunis
1035 1262 1104 1317 et
1144 1257 1508 1335 potestatis,
1552 1257 1721 1319 XXI
1765 1263 1953 1321 mart.

565 1352 719 1413 Vola.
763 1352 1002 1414 AVesc.
1044 1372 1094 1413 ⁸.
1137 1352 1329 1415 XIII
1369 1354 1491 1415 dec.
1533 1354 1616 1415 10
1654 1375 1716 1415 n.
1760 1355 1843 1416 12
1883 1354 2053 1428 Oriq.

229 1549 376 1609 968.
1688 1550 1971 1626 Atmqni
2008 1550 2089 1611 26
2129 1552 2477 1629 September
2514 1552 2694 1614 1296.

355 1643 844 1707 Bonifatius
887 1645 1092 1707 VIII
1137 1648 1466 1725 potestati,
1499 1647 1777 1718 consilio,
1809 1648 2071 1708 comuni
2098 1648 2269 1708 Vult..
2356 1648 2591 1727 Rogat,
2622 1654 2697 1709 ut

229 1742 360 1803 filie
401 1742 664 1821 Ugolini
706 1744 933 1803 iudicis
977 1742 1398 1804 Gallurensis¹
1409 1748 1428 1819 )
1472 1743 1762 1805 favorem
1805 1744 2203 1821 impendant.
2292 1768 2317 1803 «
2334 1744 2694 1823 Speremus,

227 1838 470 1915 quod».
517 1838 669 1898 Dat.
714 1838 1007 1917 Anagnie
1048 1838 1141 1900 VI
1181 1838 1306 1899 kal.
1334 1840 1379 1916 ²)
1425 1845 1572 1913 oct„
1616 1845 1794 1917 pont.
1840 1839 1929 1900 ΙΙ.

552 1936 814 1997 Florem
854 1936 1007 1997 A5t.
1056 1937 1240 2013 (Volt.
1283 1957 1346 1998 n.
1391 1938 1578 2007 1365)
1608 1937 1776 2015 Oriq.
1812 1938 2018 2013 <Bane
2046 1906 2356 2016 verIoren).
2438 1940 2554 2001 Ed.
2588 1940 2695 2001 Ge-

556 2037 702 2095 cina
746 2035 838 2095 77.

231 2231 368 2291 969.
1673 2230 1966 2301 volterra,
2010 2231 2092 2292 29
2132 2232 2479 2308 September
2516 2232 2695 2293 1296.

351 2326 646 2387 Vacante
686 2329 834 2389 eccl.
867 2329 947 2388 de
975 2327 1246 2390 Leccioli
1291 2326 1764 2408 Raynerius
1807 2348 1905 2405 ep.
1950 2328 2123 2389 Vult.
2170 2336 2479 2407 patronus
2527 2348 2697 2391 com-

233 2426 532 2501 promisit
571 2425 638 2486 in
680 2426 976 2487 Landum
1019 2428 1414 2505 prepositum
1459 2424 1680 2487 Sancti
1729 2426 2095 2487 Geminiani
2124 2446 2261 2487 can.
2296 2426 2467 2486 Vult.
2551 2428 2695 2487 Act.

231 2522 406 2583 Vult.
453 2524 630 2601 apud
670 2523 988 2602 palatium
1030 2544 1127 2603 ep.
1251 2522 1427 2584 Mino
1468 2524 1548 2584 de
1593 2523 1838 2585 Sancto
1881 2522 2087 2585 Paulo
2128 2524 2237 2602 qd.
2291 2523 2567 2586 Seracini
2616 2525 2697 2585 de

225 2621 416 2681 Senis
459 2628 524 2681 et
565 2621 775 2699 presb.
822 2621 1107 2683 Iohanne
1149 2627 1392 2683 rectore
1433 2622 1580 2683 eccl.
1626 2642 1672 2681 s,
1724 2621 2077 2701 Margarite
2118 2622 2201 2683 de
2228 2622 2583 2683 Casezzano
2614 2629 2695 2683 tt.

227 2718 846 2789 MCCLXXXXVI,
887 2718 1018 2780 ind.
1061 2720 1146 2790 X,
1191 2720 1548 2797 penultima
1588 2724 1754 2796 sept.
1897 2718 2165 2780 Michael
2218 2739 2316 2779 ser
2368 2718 2697 2781 Niccholai

227 2816 456 2875 Guccii
518 2815 598 2876 de
661 2814 898 2877 Sancto
961 2816 1338 2877 Geminiano
1399 2823 1536 2877 not.
1602 2836 1682 2877 ex
1737 2816 2221 2887 imbreviaturis
2300 2816 2518 2878 Iacobi
2586 2818 2692 2895 qd.

226 2914 306 2973 P<
325 2913 477 2975 eche
505 2919 638 2975 not.

563 3012 716 3073 Vola.
762 3012 1000 3073 AVasc.
1044 3032 1092 3073 8.
1139 3012 1327 3074 XIII
1368 3014 1486 3073 dec.
1533 3013 1614 3073 10
1653 3034 1713 3073 n.
1760 3014 1840 3073 17
1881 3013 2051 3090 Orio.

225 3208 370 3267 970.
987 3206 1285 3277 Volterra‚
1328 3206 1408 3266 19
1447 3206 1580 3267 und
1620 3206 1702 3267 20
1741 3206 2013 3267 Oktober.
2057 3207 2097 3265 2
2139 3206 2474 3266 November
2514 3206 2693 3267 1296.

351 3302 646 3362 Vacante
687 3322 855 3363 mon.
899 3302 979 3364 de
1019 3302 1291 3365 Adelmo
1346 3302 1478 3363 ord.
1536 3302 1822 3363 camald.
1877 3322 1992 3381 per
2047 3303 2533 3363 translationem
2584 3304 2691 3363 Al-

223 3402 554 3465 dobrandi
594 3401 853 3465 abbatis
905 3404 972 3463 in
1029 3402 1204 3464 aliud
1259 3422 1429 3463 mon.
1487 3402 1958 3482 Raynerius
2010 3422 2109 3481 ep.
2157 3402 2328 3463 Vult.
2378 3412 2693 3480 patronus

225 3500 426 3577 elegit
467 3500 787 3562 Ubertum
831 3501 984 3562 olim
1029 3500 1336 3561 abbatem
1378 3500 1458 3560 de
1501 3499 1914 3579 Berardenga
1966 3499 2249 3561 Camald.
2306 3500 2439 3561 ord.
2550 3500 2691 3561 Act.

227 3599 410 3660 Vult.
455 3597 632 3677 apud
671 3599 990 3676 palatium
1045 3618 1142 3677 ep.
1227 3601 1506 3659 Accurso
1566 3598 1808 3659 abbate
1863 3618 1909 3658 S.
1963 3598 2144 3659 Iusti.
2188 3596 2531 3659 Francisco
2582 3596 2695 3657 ab·

227 3698 389 3759 bate
423 3698 504 3757 de
547 3695 930 3775 Savignano.
977 3696 1302 3775 Raynerio
1347 3696 1661 3757 monacho
1702 3701 1770 3756 et
1815 3696 2169 3773 Taglafune
2211 3714 2515 3756 converso
2558 3696 2693 3756 ord.

381 3975 422 4037 ¹)
449 3974 730 4033 Johmmm
771 3974 992 4023 Tecmer
1027 3974 1119 4023 dea
1151 3972 1382 4037 Uyolino
1415 3974 1676 4032 Vincenti,
1705 3972 2031 4035 qewchnlich
2055 3973 2208 4021 Nino
2234 3978 2487 4035 qenarmt,
2512 3971 2697 4021 Judeae

226 4080 332 4113 von
373 4062 602 4113 Gallum
637 4062 702 4112 in
735 4062 1052 4123 Sardiniam
1095 4062 1224 4113 iiber
1258 4062 1362 4111 den
1399 4062 1628 4112 Perrem
1667 4062 1812 4111 Hiat.
1851 4062 1915 4111 de
1952 4060 2207 4110 morenae
2236 4062 2337 4111 292
2373 4062 2452 4123 ff..
2498 4058 2699 4110 Villam·

225 4156 258 4203 1
297 4152 477 4216 primi
511 4152 618 4203 due
653 4152 814 4203 secoli
849 4152 990 4203 della
1025 4152 1192 4203 storia
1228 4152 1288 4201 di
1325 4152 1550 4201 Firenze
1583 4152 1602 4177 ‘³
1631 4152 1750 4203 272.
1781 4152 1882 4199 275
1930 4150 2044 4199 und
2080 4150 2166 4199 die
2204 4156 2324 4212 quta
2348 4150 2698 4199 zusammen-

225 4242 466 4303 8tellun9
513 4240 600 4291 bes·
645 4240 985 4291 Scanazzini
1035 4240 1422 4301 Enciclopedia
1471 4240 1728 4289 dantesca
1783 4240 2098 4288 13:29-1331.
2152 4238 2451 4288 2151-2152
2487 4252 2555 4287 zu
2592 4253 2699 4287 ver*-

225 4331 477 4393 qleichen
526 4330 672 4389 sind,
723 4346 798 4379 wo
848 4331 1024 4392 tiniae
1073 4332 1164 4380 der
1215 4330 1891 4379 Dante-Kommentatoren
1933 4329 2225 4391 anqeffikrt
2260 4328 2485 4387 werden,
2536 4328 2697 4377 deren

227 4419 586 4481 Aulzcihlunq
635 4418 750 4467 hier
796 4434 864 4467 zu
913 4420 1030 4467 weit
1077 4420 1277 4479 sic‘hren
1323 4420 1520 4469 warde.
1615 4420 1786 4477 Nino,
1832 4418 2192 4467 Verbiae'ndeter
2228 4418 2319 4467 der
2356 4416 2696 4479 Guelsenliqa

227 4524 402 4572 qeqcn
435 4508 586 4557 seim
629 4508 945 4567 Valet-stadt,
973 4508 1148 4557 kehrte
1173 4508 1370 4571 inlolqe
1395 4510 1487 4557 des
1529 4508 1792 4557 Friedena
1831 4522 1933 4555 von
1970 4506 2262 4555 Fucecckio
2304 4506 2459 4569 (oben
2482 4522 2536 4555 n.
2564 4506 2693 4570 959)

227 4599 292 4647 in
315 4596 464 4647 dicae
487 4596 708 4655 zur-fich,
733 4598 864 4660 qinq
889 4596 1014 4647 bald
1033 4598 1172 4647 nach
1197 4597 1494 4647 Sardinien
1519 4598 1636 4647 und
1661 4598 1804 4646 star-b
1839 4598 1991 4648 1296.
2014 4596 2174 4645 Scine
2196 4595 2419 4645 Tochter
2434 4594 2697 4643 Johanna

225 4687 484 4737 heir-atate
531 4688 710 4746 cpa'ter
759 4685 1018 4735 Rizzardo
1057 4686 1118 4735 di
1154 4686 1404 4746 Camino,
1442 4686 1546 4735 den
1585 4684 1941 4735 Reichavikar
1980 4700 2080 4733 von
2118 4684 2351 4733 Trevieo.
2502 4684 2547 4748 “·“)
2584 4682 2695 4733 kal.

225 4776 357 4837 fehlt
394 4774 482 4825 bei
507 4774 720 4823 Cecina.
