3817 5642
921 578 1364 635 REGESTUM
1402 581 1508 635 VO
1515 580 2088 639 LATERRANUM
2631 588 2693 638 11
2708 588 2731 635 1

263 780 338 835 et
381 774 718 836 castellum
761 776 842 835 de
881 775 1268 837 Castelnovo
1311 774 1398 836 ad
1436 775 1744 839 honorem
1799 780 2090 839 comunis
2131 780 2333 855 Vult„
2378 779 2739 843 lambardo-

266 890 418 932 rum
457 877 528 933 et
567 874 858 933 comunis
899 874 1262 936 castrinovi
1303 880 1373 933 et
1413 874 1664 935 salvare
1705 874 1998 937 homines
2038 876 2255 950 Vult.;
2300 878 2439 937 iuro
2481 898 2738 940 coman-

259 968 582 1029 damenta
619 970 968 1047 pote-statis
1008 974 1077 1030 et
1126 968 1464 1030 consulum
1506 970 1705 1046 Vu1t.,
1757 973 1897 1032 iuro
1939 977 2108 1033 terre
2148 974 2528 1049 credentias,
2572 977 2741 1037 sicut

265 1067 572 1145 imposito
612 1066 678 1127 fu
687 1068 876 1140 erint,
919 1086 1050 1128 non
1097 1067 1526 1141 manifestare,
1571 1068 1829 1130 obedire
1882 1072 2203 1149 preceptis
2250 1072 2581 1133 castellani
2636 1072 2739 1133 vel

265 1168 595 1225 rectorum
637 1164 774 1225 sive
814 1164 1170 1239 consulum,
1215 1165 1324 1247 qui
1367 1165 1608 1229 fuerint
1662 1168 1730 1227 in
1785 1168 2051 1229 castello
2088 1187 2209 1247 pro
2258 1171 2517 1230 comuni
2559 1170 2736 1231 Vult.

267 1267 492 1323 tenere
531 1282 759 1341 paoem
801 1261 1124 1325 Rainaldo
1151 1263 1371 1325 comiti
1403 1269 1470 1324 et
1495 1264 1632 1325 eius
1660 1264 2065 1327 adiutoribus
2094 1271 2163 1326 et
2188 1269 2576 1328 nominatim
2606 1270 2735 1329 exi·

265 1360 438 1419 titiis
463 1360 847 1421 castrinovi.
933 1359 1077 1421 Act.
1108 1361 1472 1422 Castrinovi
1494 1361 1581 1421 ad
1601 1362 1868 1440 podium
1893 1363 1959 1423 in
1982 1367 2251 1447 spacti0,
2277 1364 2453 1443 quod
2472 1364 2602 1427 fuit
2620 1356 2738 1425 Μί-

263 1455 468 1516 chelis
507 1456 809 1519 Met-alde.
893 1456 1302 1518 Bonaccurso
1356 1457 1463 1535 qd.
1509 1457 1756 1519 Parisii.
1799 1458 2257 1520 Preitemanno
2311 1460 2421 1539 qd.
2466 1460 2737 1521 Bernar-

265 1553 504 1615 duooii.
547 1552 988 1631 Ild(ebrando)
1034 1555 1144 1634 qd.
1190 1555 1499 1634 Rugerini
1540 1556 1622 1615 de
1663 1556 2063 1617 castronovo
2104 1561 2185 1617 tt.
2286 1556 2593 1639 Sequenti
2634 1558 2739 1621 die

269 1648 362 1710 ibi
405 1655 475 1711 et
512 1650 580 1711 in
621 1651 841 1731 platea
880 1650 1004 1712 sub
1045 1652 1220 1711 ulmo
1287 1650 1376 1713 CI
1413 1653 1733 1714 nominati
1761 1653 2157 1714 iuraverunt.
2244 1654 2739 1716 Bai-tholomeus

265 1768 322 1808 s.
367 1750 518 1827 imp.
563 1754 702 1809 not.

593 1846 1054 1928 Florenzflst.
1102 1847 1296 1923 (volt.
1342 1848 1504 1909 1213
1552 1848 1649 1910 VJ
1691 1847 1772 1909 12
1810 1868 1874 1909 n.
1919 1849 2063 1927 130)
2108 1850 2281 1928 θήρ.

267 2042 411 2103 313.
1904 2043 2203 2119 Volterra‚
2245 2046 2327 2107 22
2365 2045 2511 2106 Juli
2553 2047 2733 2109 1213.

389 2138 754 2213 Mocxm,
802 2140 928 2202 ind.
975 2140 1028 2214 Ι,
1075 2140 1178 2202 XI
1219 2140 1344 2201 kal.
1389 2160 1534 2219 aug.
1622 2141 1755 2203 Nos
1798 2141 2251 2204 Rainerius
2300 2162 2511 2205 comes
2538 2146 2581 2221 ¹)
2627 2146 2734 2223 qd.

267 2236 648 2317 Henrigecti
687 2239 942 2297 comitis
983 2242 1050 2297 et
1093 2236 1300 2299 Gora
1317 2238 1508 2297 rdus
1549 2258 1762 2299 comes
1787 2240 1830 2316 ¹)
1878 2239 1985 2318 qd.
2029 2238 2267 2302 Aliooti
2308 2242 2563 2301 comitis
2592 2260 2733 2319 pro-

266 2336 594 2395 mittimus
636 2334 754 2395 tibi
798 2333 1038 2395 Gullo
1082 2334 1299 2395 Vult.
1343 2338 1767 2414 potestati
1807 2342 1876 2395 et
1918 2338 2206 2398 iuramus
2248 2356 2385 2399 esse
2438 2339 2735 2399 concives

265 2433 474 2505 Vult„
517 2432 766 2493 salvare
809 2432 1098 2493 homines
1139 2432 1220 2495 de
1260 2432 1438 2493 Vult.
1483 2434 1668 2495 salva
1705 2434 2039 2508 fidelitate,
2069 2454 2269 2514 quam
2307 2435 2576 2497 fecimus
2618 2437 2734 2497 im-

267 2530 573 2608 peratori,
603 2535 670 2589 et
712 2530 892 2590 salvo
934 2536 1162 2590 contra
1201 2530 1469 2591 Pisanos
1511 2538 1578 2591 et
1618 2531 1908 2592 homines
1950 2530 2031 2592 de
2071 2532 2267 2594 domo
2308 2532 2731 2607 Gerardesca3

267 2626 612 2687 observare
652 2633 956 2707 pnecepta
998 2634 1214 2688 vestra
1256 2630 1323 2688 in
1365 2632 1508 2689 toto
1550 2634 1771 2690 nostro
1827 2632 2123 2701 termino,
2154 2630 2354 2703 salvo,
2386 2632 2562 2710 quod
2602 2650 2733 2692 non

267 2733 610 2786 teneamur
647 2724 944 2785 habitare
986 2726 1052 2785 in
1096 2726 1364 2785 civitate
1403 2744 1518 2787 nec
1561 2724 1714 2786 dare
1755 2726 2007 2787 datium
2050 2747 2167 2787 nec
2210 2728 2454 2789 solvere
2490 2728 2733 2808 aliquid

266 2822 508 2883 havere
535 2824 770 2882 nostris
799 2822 1256 2895 creditoribus;
1302 2825 1742 2902 promittimus
1784 2824 2143 2885 credentias
2186 2826 2424 2885 nemini
2468 2826 2731 2886 manife-

259 2928 463 2992 stare,
493 2920 832 2981 observare
860 2927 1164 2999 precepta
1192 2927 1408 2981 vestra
1436 2923 1572 2982 sive
1600 2924 2082 3001 capitaneorum
2106 2924 2405 2996 militum,
2432 2944 2561 2985 non
2584 2925 2731 2985 alie·

265 3038 424 3081 nare
459 3018 682 3079 domos
712 3024 777 3078 et
821 3024 1042 3091 terrae,
1087 3037 1248 3099 quas
1291 3018 1602 3079 habemus
1645 3021 1710 3080 in
1753 3021 2022 3080 civitate
2062 3025 2132 3080 et
2174 3020 2258 3080 ab
2299 3020 2476 3080 Hera
2504 3020 2591 3081 ad
2618 3021 2729 3082 Ce-

260 3120 502 3187 cinam‚
533 3116 619 3177 ab
646 3117 884 3195 Alpino
910 3116 994 3177 ad
1023 3118 1313 3177 Montem
1345 3117 1602 3177 Rodulfi
1628 3121 1694 3194 ⁸).
1779 3118 1925 3177 Act.
1958 3118 2136 3179 Vult.
2166 3120 2235 3179 in
2257 3119 2407 3179 eccl.
2432 3139 2481 3179 s.
2508 3120 2727 3181 Marie.

263 3214 521 3277 Bifulco
576 3215 683 3293 qd.
729 3214 1152 3275 Beneventre.
1197 3213 1532 3275 Leonardo
1576 3216 1682 3294 qd.
1729 3213 1915 3277 Gulli.
1961 3215 2247 3277 Bellorte
2302 3216 2411 3297 qd.
2472 3216 2730 3278 Bonafi·

261 3312 512 3373 dantie.
556 3312 962 3373 Bonaiuncta
1019 3312 1248 3375 iudice.
1295 3311 1710 3373 Gualterooto
1759 3313 1866 3393 qd.
1924 3312 2170 3375 Mathai
2223 3320 2303 3374 tt.
2391 3313 2728 3375 Bartholo-

261 3428 448 3471 meus
487 3428 537 3469 s.
581 3410 737 3493 imp.
781 3416 916 3469 not.

587 3507 854 3568 Florem.
893 3508 1049 3568 Ast.
1097 3508 1290 3585 (Vols.
1335 3528 1394 3567 n.
1427 3507 1789 3595 134)10n'9.

264 3704 404 3762 314.
1759 3701 1997 3774 Gaeole,
2042 3704 2124 3765 10
2162 3704 2509 3782 September
2548 3704 2725 3766 1213.

385 3798 734 3859 Gratianus
794 3805 1173 3878 procurator
1225 3800 1401 3861 Vult.
1458 3801 1747 3861 comunis
1801 3802 2235 3861 instrumento
2288 3801 2727 3863 Bar-tholomei

258 3896 621 3977 appellavit
645 3914 686 3955 a
715 3895 1168 3974 Paganello
1195 3895 1371 3957 Vult.
1404 3916 1502 3975 ep.
1535 3895 1620 3958 ad
1648 3916 1906 3975 papam,
1938 3917 2020 3958 ne
2055 3917 2153 3976 ep.
2184 3905 2413 3978 gravet
2442 3905 2726 3977 potesta·

261 4000 420 4066 tem,
463 3994 819 4066 consilium,
864 4012 1136 4054 comune
1183 3994 1282 4054 vel
1339 3995 1616 4073 aliquem
1673 3996 1878 4059 civem
1924 3996 2025 4056 vel
2068 3996 2423 4074 capitulum
2468 3998 2569 4057 vel
2616 3998 2724 4058 ali-

261 4112 458 4175 quem
488 4092 786 4153 clericum
812 4092 988 4153 Vult.
1018 4094 1682 4154 excommunicatione
1705 4094 1805 4153 vel
1833 4095 2182 4157 interdicto
2208 4101 2275 4154 et
2308 4116 2389 4155 ne
2429 4114 2725 4177 guerram

259 4192 523 4251 comuni
563 4188 762 4251 iaciat
803 4208 922 4271 pro
973 4190 1305 4252 discordiis
1359 4210 1503 4253 cum
1549 4192 1659 4265 eis,
1705 4193 1856 4270 quia
1897 4200 2165 4271 paratus
2204 4198 2306 4254 est
2346 4192 2573 4255 Gullus
2615 4212 2725 4272 po·

263 4292 468 4347 testas
495 4304 876 4365 cognoscere
915 4286 1266 4349 discordias
1308 4306 1422 4366 por
1461 4288 1821 4365 capitulum
1849 4286 2025 4349 Vult.
2058 4308 2173 4367 per
2197 4309 2386 4351 usum
2421 4294 2489 4350 et
2532 4290 2723 4351 ratio·

261 4404 412 4445 nem
453 4388 520 4445 et
562 4382 902 4445 arbitrium
943 4386 1080 4445 sive
1119 4404 1234 4463 per
1285 4386 1526 4449 amicos
1581 4404 1902 4446 comunes.
2002 4386 2147 4447 Aot.
2206 4388 2273 4448 in
2326 4387 2589 4449 castello
2642 4388 2725 4449 de

259 4482 509 4543 Casulis
549 4484 618 4542 in
658 4482 940 4543 claustro
971 4482 1178 4561 plebis
1205 4484 1466 4543 castelli.
1553 4483 1955 4545 Bernardino
1981 4484 2087 4561 qd.
2122 4484 2407 4546 Rainerii
2430 4487 2493 4563 ³).
2527 4484 2723 4547 Bruc-

409 4697 450 4757 ¹)
490 4692 864 4746 Gherardeeca.
1053 4696 1096 4759 ⁶³)
1135 4696 1310 4746 Heute
1344 4696 1604 4747 Romolla
1641 4698 1782 4746 nahe
1817 4696 1900 4745 bei
1947 4698 2201 4752 Volterra.
2394 4698 2439 4763 ε’)
2478 4700 2723 4751 Pennoc-

259 4784 508 4841 ommni,
547 4782 758 4835 Bmder
792 4783 1014 4843 Biochof
1051 4785 1290 4847 Paqam,
