3817 5642
1051 594 1126 648 52
1699 592 2143 648 REGESTUM
2180 594 2865 649 VOLATERRANUM

1049 790 1322 851 comitis.
1365 788 1632 850 Gerar-di
1674 789 1718 850 f.
1763 790 1872 869 qd.
1916 790 2184 869 Ugonie.
2218 790 2473 870 Roget-ii
2513 791 2559 852 f.
2592 790 2915 853 Iohanni&
2946 792 3193 871 Ugonis
3232 792 3278 851 f.
3325 793 3515 853 istius

1051 888 1316 949 Gerardi
1359 893 1440 947 tt.
1523 886 1734 949 Guido
1777 894 1911 949 not.
1956 908 2005 949 s.
2050 888 2297 965 palatii.
2384 886 2451 951 Si
2492 889 2881 969 legittimum
2924 888 3125 950 filium
3168 890 3267 950 vel
3310 890 3512 950 filiam

1053 983 1336 1046 habuero
1375 990 1444 1046 et
1485 988 1874 1046 monasterio
1916 984 2251 1047 reddidero
2294 984 2435 1046 libr.
2480 985 2589 1065 [L]
2630 986 2711 1047 de
2750 994 3014 1047 moneta
3038 986 3120 1047 de
3146 984 3343 1059 Luca,
3372 1006 3513 1047 ear·

1051 1083 1190 1143 tula
1231 1085 1318 1143 sit
1357 1084 1602 1155 inanis;
1646 1084 1700 1144 si
1739 1083 2013 1144 forsitan
2056 1102 2373 1145 summam
2430 1104 2560 1145 non
2616 1083 2923 1155 dederim,
2966 1084 3227 1145 eeclesia
3270 1084 3511 1145 habeat

1051 1180 1219 1241 med.
1263 1180 1508 1258 eastelli
1548 1188 1614 1240 et
1657 1183 1878 1251 cunia,
1922 1180 2123 1241 donec
2168 1179 2572 1242 reddiderim.
2620 1180 2685 1241 Si
2724 1180 2927 1242 filium
2960 1181 3087 1241 ·vel
3138 1182 3339 1241 filiam
3380 1200 3513 1242 non

1051 1278 1408 1350 habuerim,
1453 1278 1618 1338 med.
1662 1278 1967 1339 deveniat
2010 1278 2095 1339 ad
2136 1278 2483 1339 ecelesiam.

1381 1376 1541 1436 Vozt.
1574 1375 1814 1437 AVa-sc.
1843 1394 1895 1437 3.
1928 1375 2076 1437 XII
2102 1376 2227 1437 dec.
2265 1376 2302 1435 I
2330 1396 2392 1435 n.
2426 1377 2506 1437 14
2532 1376 2686 1455 Oop.
2716 1396 2767 1436 e.
2791 1376 2944 1437 XII
2969 1376 3124 1437 med.
3181 1376 3299 1437 Ed.
3330 1376 3513 1437 Mac-

1374 1474 1542 1533 ciom’
1583 1474 1807 1550 Dite-sa
1848 1474 1951 1535 del
2009 1474 2289 1535 dominio
2328 1474 2423 1534 de'
2444 1472 2853 1535 Gherardesoa
2898 1474 2975 1533 II
3018 1475 3099 1535 22
3138 1472 3297 1535 nach
3354 1473 3509 1552 Gap.

1372 1572 1464 1632 im
1520 1570 1812 1633 Archivio
1858 1572 1951 1631 de’
1998 1571 2429 1643 (merui-desen,
2494 1571 2744 1633 wonach
2796 1571 2899 1632 die
2953 1571 3205 1633 Lae'icken-
3265 1576 3516 1649 erqdnzt

1373 1668 1642 1729 wurden.

1059 1866 1193 1924 145.
2780 1866 2976 1937 Pava,
3020 1866 3102 1927 23
3139 1866 3286 1925 Juli
3327 1865 3511 1926 1109.

1173 1962 1378 2035 Mcx,
1409 1961 1474 2022 X
1503 1962 1630 2023 kal.
1675 1981 1845 2042 aug„
1875 1962 2007 2023 ind.
2048 1962 2137 2023 11.
2222 1962 2773 2039 Gualandus¹)
2817 1966 2929 2041 qui
2970 1964 3513 2024 Malusoomes

1054 2080 1247 2120 vocor
1267 2060 1312 2121 f.
1331 2060 1440 2137 qd.
1459 2059 1743 2121 Rainerii
1765 2079 1882 2139 pro
1904 2062 2117 2121 anime
2141 2080 2277 2122 mee
2300 2068 2366 2121 et
2388 2067 2731 2140 parentum
2752 2060 3037 2123 remedio
3056 2062 3225 2123 dono
3246 2062 3513 2123 ecclesie

1053 2176 1103 2217 a.
1147 2156 1348 2217 Marie
1388 2156 1564 2217 Vult.
1611 2156 1778 2217 med.
1823 2157 1903 2217 de
1945 2157 2243 2218 omnibus
2284 2156 2473 2217 rebus
2514 2161 2693 2225 meis,
2737 2178 2862 2237 que
2890 2158 3047 2219 mihi
3076 2160 3403 2236 pertinent
3430 2179 3511 2219 ex

1055 2260 1259 2334 patre,
1291 2260 1517 2327 matre,
1547 2274 1660 2333 per
1688 2253 2069 2316 divisionem
2098 2274 2138 2315 a
2168 2254 2471 2317 Rainerio
2492 2276 2595 2335 gg.
2632 2275 2776 2317 meo
2803 2262 2871 2316 et
2890 2276 3088 2316 uxore
3110 2274 3225 2315 sua
3248 2254 3420 2316 Dina
3444 2262 3511 2315 et·

1053 2372 1166 2431 per
1207 2354 1523 2413 cartulam
1566 2352 1650 2413 ab
1695 2354 1801 2423 eia,
1850 2353 2021 2413 Dina
2062 2360 2289 2433 rogata
2328 2356 2395 2415 in
2436 2355 2759 2432 presentia
2799 2353 3026 2414 iudicis
3064 2360 3131 2414 et
3158 2352 3511 2414 causidico-

1055 2470 1217 2523 rum,
1239 2450 1500 2511 -scilicet
1543 2450 1708 2511 med.
1753 2451 1834 2511 de
1875 2450 2136 2512 castello
2178 2456 2245 2510 et
2284 2457 2466 2511 curte
2507 2450 2587 2511 de
2628 2450 3034 2523 Monteburli,
3077 2451 3158 2512 de
3206 2450 3511 2523 Bibboni‚

1055 2547 1135 2608 de
1170 2547 1480 2621 Laiatioo,
1525 2548 1604 2608 de
1644 2548 1872 2627 Aequi,
1902 2548 1984 2608 de
2011 2548 2465 2620 Monteoatini;
2510 2568 2652 2627 pen.
2696 2546 2895 2626 dupli.
2979 2549 3126 2609 Aet.
3170 2547 3338 2608 infra
3378 2547 3513 2627 ple·

1057 2646 1203 2707 bem
1245 2646 1326 2706 de
1367 2638 1566 2706 Passa.
1651 2646 1714 2707 S.
1758 2666 1844 2707 m.
1877 2643 2195 2707 Gualandi
2222 2646 2651 2707 Malicomitie.
2696 2644 3013 2707 Gualandi
3059 2645 3165 2726 qd.
3209 2644 3513 2707 Saraceni

1055 2742 1356 2804 avunculi
1377 2743 1805 2805 MalioomitiS.
1829 2742 2090 2821 Ugolini
2110 2742 2217 2821 qd.
2242 2742 2552 2803 Guidonis
2574 2744 2825 2803 comitis
2842 2746 2910 2819 ').
2936 2742 3172 2804 Einrici
3186 2744 3295 2822 qd.
3312 2742 3509 2804 Gual-

1055 2841 1238 2903 fredi.
1280 2840 1612 2921 Silvangni
1654 2842 1761 2920 qd.
1794 2841 2125 2902 UuidoniS.
2156 2840 2555 2919 Maleparute
2582 2840 2691 2919 qd.
2724 2840 3029 2902 Rainerii.
3059 2841 3368 2902 Ranuecii
3396 2842 3511 2919 qd.

1057 2938 1442 3001 Ildebrandi.
1470 2938 1790 3000 Albertini
1817 2938 1927 3017 qd.
1959 2938 2227 2999 Gottuli.
2262 2938 2485 2999 Abbiti
2516 2938 2623 3017 qd.
2656 2938 2897 3001 Sikerii.
2935 2938 3183 3019 Pagani
3223 2946 3293 3000 et
3334 2938 3507 3020 Ugo-

1055 3036 1166 3097 lini
1207 3056 1310 3115 gg.
1353 3035 1396 3095 f.
1439 3034 1776 3103 Uuidonis,
1819 3036 2089 3095 aliorum
2132 3042 2213 3096 tt.
2260 3034 2615 3096 Rollandus
2656 3034 3119 3097 RinonioensiS.
3167 3036 3514 3097 Rainulfus

1054 3132 1135 3192 de
1177 3132 1443 3193 Latreto
1483 3150 1563 3191 ss.
1649 3130 2089 3211 Sigismundus
2130 3138 2264 3191 not.
2311 3133 2493 3211 regis.

1383 3230 1542 3290 Volt.
1571 3229 1808 3291 AVeac.
1838 3248 1889 3289 ε.
1922 3228 2068 3290 XII
2096 3230 2221 3290 dec.
2256 3230 2292 3289 1
2322 3251 2385 3289 n.
2418 3230 2497 3290 17
2524 3230 2697 3307 Oriq.
2729 3227 2909 3289 Liber
2938 3230 3177 3291 iuriam
3205 3229 3262 3291 8.
3294 3230 3377 3292 18
3402 3232 3507 3293 cit.

1060 3428 1192 3485 146.
2822 3424 3017 3497 Pava,
3040 3424 3121 3485 23
3146 3423 3298 3485 Juli
3325 3424 3507 3485 1109.

1176 3522 1378 3595 Mox,
1423 3522 1489 3583 X
1531 3521 1657 3582 kal.
1703 3542 1848 3601 aug,
1893 3522 2027 3582 ind.
2076 3521 2163 3581 II.
2289 3520 2768 3582 Gualandus
2810 3524 2923 3600 qui
2968 3520 3509 3583 Maluseomes

1055 3640 1250 3683 vocor
1288 3621 1334 3682 f.
1377 3620 1486 3699 qd.
1533 3620 1835 3691 Rainerii,
1881 3621 2035 3699 quia
2074 3619 2497 3705 Taibertellus
2540 3618 2647 3697 qd.
2699 3618 2937 3680 Sassini
2986 3618 3307 3679 advocato
3352 3620 3506 3681 eool.

1057 3721 1230 3781 Vult.
1275 3726 1344 3783 et
1386 3719 1641 3800 Rogerii
1685 3739 1783 3797 ep.
1827 3718 2063 3779 dedisti
2106 3718 2261 3777 mihi
2304 3720 2607 3779 meritum
2650 3718 2913 3778 anulum
2969 3737 3170 3778 unum
3218 3738 3507 3791 aureum,

1055 3821 1452 3899 repromitto,
1498 3824 1594 3889 ut,
1637 3818 1690 3877 si
1732 3817 1861 3878 ulla
1903 3836 2049 3877 mea
2088 3816 2350 3895 scriptio
2392 3816 2623 3877 amodo
2666 3822 2998 3894 appareat,
3055 3822 3131 3876 ut
3184 3817 3375 3877 alicui
3425 3817 3509 3877 de

1058 3918 1224 3979 med.
1265 3919 1554 3979 omnium
1593 3934 1804 3975 rerum
1847 3934 2155 3987 mearum,
2198 3914 2475 3993 qualiter
2501 3913 2689 3975 hodie
2718 3913 2959 3975 tradidi
2984 3914 3135 3975 eccl.
3163 3914 3366 3986 Vult„
3395 3915 3508 3975 ali-

1057 4015 1207 4093 quid
1233 4015 1536 4085 dederim‚
1558 4032 1943 4092 >componam
1966 4012 2051 4073 ad
2073 4031 2233 4091 opus
2254 4012 2403 4073 eccl.
2429 4032 2576 4091 pen.
2601 4032 2735 4091 arg.
2759 4018 2895 4089 opt.
2920 4011 3030 4074 lib.
3054 4013 3503 4091 quinquainta.

1058 4114 1200 4172 Aet.
1233 4110 1398 4171 infra
1423 4108 1610 4189 plebe
1639 4102 1719 4169 de
1748 4108 1947 4169 Pava.
2030 4108 2094 4169 S.
2128 4129 2210 4169 m.
2244 4108 2563 4169 Gualandi
2590 4106 3017 4169 Malioomitia
3048 4106 3371 4170 Gualandi
3394 4107 3507 4187 qd.

1199 4361 1239 4423 ¹)
1279 4358 1399 4409 Aua
1437 4360 1554 4410 dm
1591 4360 1780 4411 Hause
1830 4360 2199 4419 Gherardoaca,
2254 4360 2409 4423 Neffe
2458 4359 2547 4409 des
2596 4366 2751 4408 umer
2798 4359 2901 4409 den
2938 4356 3159 4420 Zeuqen
3204 4366 3512 4421 venantium

1055 4448 1258 4515 Ugolin
1296 4450 1442 4515 (oder
1467 4450 1616 4515 Ugo)
1643 4450 1679 4498 f.
1708 4451 1800 4515 qd.
1831 4448 2101 4500 Guidonis
2138 4448 2373 4498 comitis.
2522 4448 2569 4513 ⁹)
2607 4446 2729 4496 Auo
2762 4448 2880 4497 dem
2916 4446 3103 4497 Hauoe
3126 4446 3513 4505 Oka-ardema,-

1051 4541 1144 4589 ἄεν
1187 4538 1346 4589 Vater
1379 4538 1544 4589 wido
1583 4539 1620 4587 f.
1661 4539 1713 4589 b.
1752 4554 1825 4587 m.
1863 4536 2014 4587 Widi
2052 4538 2270 4587 comitis
2306 4536 2442 4587 wira
2481 4538 2621 4587 1068
2656 4537 2720 4585 in
2742 4536 2835 4587 der
2864 4534 3179 4600 Umqebunq
3202 4536 3295 4587 der
3318 4536 3509 4587 Merk-

1055 4628 1232 4693 9νᾶ1ἳπ
1277 4628 1500 4678 Beatrix
1551 4626 1784 4677 erwcilmt
1836 4626 2028 4690 (M'em.
2074 4644 2099 4676 e
2136 4626 2245 4677 doc.
2284 4626 2344 4676 di
2378 4626 2558 4675 Imcca
2596 4626 2685 4677 IV
2714 4628 2762 4685 2,
2791 4626 2893 4677 108
2929 4640 2987 4675 π.
3028 4626 3138 4689 82),
3179 4627 3319 4677 1069
3358 4626 3509 4688 (oben

1053 4736 1106 4768 n.
1148 4720 1290 4782 132).
1365 4718 1488 4783 Ugo
1527 4716 1641 4766 und
1677 4716 1906 4767 Raineri
1937 4717 1974 4766 f.
2003 4716 2094 4781 qd.
2122 4714 2400 4767 Gnidonis
2431 4715 2653 4765 comitis
2679 4716 2816 4767 1102
2844 4714 3035 4777 (Mem.
3062 4730 3087 4765 e
3112 4714 3221 4765 doc.
3246 4714 3309 4765 do·
3332 4714 3511 4766 Laeca

1054 4809 1142 4858 IV
1183 4809 1230 4866 2,
1270 4809 1372 4859 124
1409 4820 1463 4855 n.
1505 4808 1611 4869 94).
