3817 5642
908 585 1349 640 REGE-§TUM
1388 587 1439 638 V
1444 586 1547 684 OI
1558 585 2072 640 ATERRANUM
2615 587 2722 640 249

1988 680 2028 684 —.
2039 679 2291 686 -—.‚—.—.-—-
2316 681 2331 684 -
2384 680 2577 684 --—.-

251 779 507 842 Casulis
546 782 615 840 in
656 778 847 840 domo
889 778 1113 860 plebis.
1220 778 1653 859 [Bondellino]
1696 779 1805 859 qd.
1849 779 2028 842 Corsi
2081 781 2316 840 comite
2369 779 2450 840 de
2503 779 2717 840 Gluan-

250 877 585 956 ghalandi.
629 877 913 938 Fastiolo
956 884 1093 937 not.
1144 876 1255 956 qd.
1313 875 1697 938 Rustichini.
1757 876 2042 938 Porcello
2097 879 2205 956 qd.
2262 877 2719 956 Buonsignoris

250 975 337 1036 de
383 973 753 1136 ωυιιὲοῗ..
778 1071 1021 1134 AVesc.
1065 1091 1114 1132 s.
1157 1069 1351 1132 XIII
1386 1071 1512 1134 dec.
1546 1073 1583 1132 7
1622 1093 1687 1134 π.
1730 1072 1813 1132 16
1837 1072 2010 1150 On‘q.
2043 1071 2186 1149 (alle
2208 1072 2344 1133 drot·
2378 1071 2719 1134 Urkunden

578 1169 695 1247 aut
733 1169 1071 1232 demodben
1112 1169 1501 1246 Pcrqament,
1543 1169 1714 1230 σιω-10
1752 1169 2120 1248 baladam,
2149 1169 2305 1232 ohne
2332 1170 2716 1248 completio).

254 1419 395 1480 746.
1925 1418 2186 1492 (hieto,
2226 1419 2305 1479 31
2349 1417 2494 1480 Mai
2536 1418 2714 1480 1263.

381 1515 856 1578 ottobonus
896 1536 947 1576 s.
996 1515 1265 1577 Adriani
1306 1516 1468 1577 diac.
1515 1516 1710 1586 card,
1758 1516 2018 1577 auditor
2061 1517 2124 1578 in
2167 1535 2360 1576 causa
2389 1517 2556 1577 inter
2584 1536 2714 1576 ma-

248 1617 531 1688 gistrum
574 1618 642 1673 et
681 1613 911 1674 fratres
956 1613 1290 1692 hospitalis
1332 1614 1411 1674 de
1452 1612 1801 1692 Altopassu
1843 1611 1996 1674 Luc.
2041 1611 2205 1674 dioc.
2251 1619 2316 1673 et
2359 1613 2714 1691 capitulum

248 1710 458 1781 Vult„
500 1715 913 1790 procuratore
959 1709 1295 1789 hospitalis
1334 1709 1535 1771 fratre
1576 1709 1865 1771 Iohanne
1906 1710 1988 1771 de
2029 1709 2084 1768 F
2085 1709 2367 1771 lumalbo
2397 1716 2464 1770 et
2491 1729 2714 1790 procu·

252 1817 469 1870 ratore
510 1807 779 1887 capituli
822 1807 1157 1869 Leonardo
1197 1808 1279 1869 de
1321 1806 1559 1870 Sancto
1601 1808 1984 1869 Geminiano
2038 1807 2578 1886 comparentibus,
2623 1827 2714 1868 re-

250 1908 429 1983 cepit
468 1903 753 1966 libellum
797 1905 1124 1978 IohanniS,
1169 1905 1343 1984 quod
1387 1911 1757 1967 contractus
1796 1905 2009 1966 factus
2052 1924 2167 1986 per
2221 1905 2488 1966 fratrem
2544 1903 2714 1965 Gali-

249 2025 409 2085 gum
454 2003 563 2084 qd.
610 2011 921 2067 rectorem
962 2001 1299 2082 hospitalis
1338 2004 1475 2064 sine
1503 2023 1814 2065 consensu
1842 2004 2121 2064 fratrum
2150 2023 2298 2065 cum
2327 1987 2716 2081 quibusdam

250 2101 577 2162 canonicis
620 2101 817 2172 Vult..,
850 2119 917 2160 se
944 2099 1105 2160 falso
1134 2099 1564 2161 asserentibus
1592 2100 1970 2180 capitulum,
2001 2099 2081 2162 de
2111 2101 2312 2170 terrie,
2346 2119 2508 2178 quas
2535 2095 2715 2160 dedit

251 2199 577 2260 canonicis
618 2201 877 2258 nomine
916 2197 1255 2276 hospitalis
1296 2217 1345 2258 s.
1389 2196 1697 2259 Iohannis
1738 2198 1817 2257 de
1860 2197 2260 2259 Sorbolatico
2303 2217 2500 2278 prope
2533 2197 2712 2259 Vult.

250 2317 370 2376 pro
413 2295 650 2358 XVIII
692 2295 861 2357 mod.
906 2296 1215 2357 frumenti
1243 2295 1560 2371 annuis¹),
1597 2297 1813 2357 irritus
1856 2297 1962 2356 sit.
1995 2293 2070 2356 Ο.
2104 2297 2495 2367 ordinamus;
2538 2295 2714 2374 quod

254 2395 577 2474 hospitale
604 2394 927 2456 canonicis
956 2393 1360 2456 solummodo
1389 2392 1525 2454 XII
1556 2393 1803 2455 modios
1832 2396 2171 2454 annuatim
2195 2392 2348 2454 dare
2369 2401 2436 2454 et
2456 2395 2714 2470 insuper

250 2493 353 2554 CC
397 2491 507 2552 lib.
544 2489 713 2563 Sen.,
747 2492 872 2552 Pis.
904 2494 1039 2552 sive
1060 2489 1237 2553 Vult.
1267 2490 1411 2552 den.
1439 2492 1671 2551 minut.
1697 2490 1863 2551 infra
1892 2492 2219 2570 proximas
2239 2489 2366 2551 kal.
2400 2489 2508 2550 iul.
2539 2488 2714 2568 apud

251 2610 428 2650 mon.
474 2609 525 2649 s.
568 2588 732 2650 Iusti
780 2587 1009 2668 (Vult.)
1053 2588 1369 2668 deponere
1410 2588 1603 2648 debet
1647 2586 1729 2648 ad
1778 2589 2176 2666 emptionem
2233 2595 2546 2652 terrarum
2589 2589 2712 2649 uti-

252 2689 411 2748 lium
441 2688 700 2749 ecclesie
726 2686 904 2748 Vult.
990 2686 1228 2747 Iacobo
1256 2686 1641 2765 archipresb.
1674 2686 1849 2749 Vult.
1884 2686 2110 2747 Fratre
2136 2687 2428 2748 Iohanne
2457 2686 2536 2746 de
2563 2684 2711 2746 Flu-

250 2785 490 2847 malbo.
536 2783 829 2846 Melendo
870 2783 1211 2845 archidiac.
1259 2783 1628 2844 Astoriensi.
1674 2785 1984 2863 Magistro
2026 2783 2323 2845 Rolando
2352 2781 2432 2844 de
2461 2783 2709 2845 Carina.

252 2882 495 2943 Iacobo
536 2881 745 2960 presb.
790 2888 1033 2942 rectore
1074 2880 1225 2942 eccl.
1269 2901 1318 2941 s.
1362 2881 1561 2942 Marie
1604 2881 1668 2942 in
1711 2881 2016 2960 Vertighe
2059 2881 2234 2942 Aret.
2281 2881 2442 2942 dioc.
2488 2881 2714 2942 Fratre

251 2982 543 3041 Iohanne
584 2977 794 3059 presb.
839 2979 1177 3058 hospitalis
1219 2978 1299 3040 de
1340 2979 1705 3056 Altopassu.
1751 2979 2060 3056 Magistro
2105 2977 2444 3040 Guillelmo
2485 2978 2564 3038 de
2605 2977 2707 3039 Se-

250 3089 463 3158 gestro
507 3081 813 3158 scriptore
857 3098 1041 3158 pape.
1086 3077 1375 3139 Iohanne
1403 3081 1481 3139 de
1510 3079 1735 3141 Castro
1766 3078 1996 3151 Plebis,
2028 3078 2168 3139 aliis
2197 3084 2276 3140 tt.
2363 3079 2506 3138 Act.
2537 3077 2711 3157 apud

256 3176 791 3238 Urbemveterem
812 3177 881 3238 in
907 3176 1188 3254 hospitio
1217 3177 1575 3237 cardinalIs.
1660 3175 2078 3250 MCCLXIII,
2114 3175 2341 3237 ultimo
2378 3176 2550 3247 maii,
2577 3175 2708 3235 ind.

249 3274 364 3344 VI.
414 3274 666 3334 Urbani
703 3273 846 3334 1111
888 3280 1068 3354 pont.
1115 3272 1203 3333 II.
1292 3275 1597 3354 Magister
1638 3273 2131 3335 Bartholomeus
2174 3273 2254 3334 de
2298 3273 2522 3352 Regio.

582 3371 743 3433 Volt.
776 3371 995 3450 ACap.
1028 3392 1088 3431 n.
1120 3371 1241 3432 252
1269 3372 1437 3450 Oriq.

253 3615 389 3676 747.
1860 3612 2076 3684 Sima,
2119 3613 2196 3674 21
2243 3611 2492 3688 Auqust
2530 3610 2706 3670 1263.

372 3710 791 3777 MCCLXIII.
835 3712 967 3773 ind.
1011 3709 1123 3780 VI,
1167 3709 1306 3770 XII
1350 3709 1475 3770 kal.
1518 3715 1683 3788 sept.
1771 3710 2378 3788 Inghirammus
2431 3708 2512 3768 de
2553 3707 2708 3768 Gor-

250 3829 415 3872 zano
456 3809 577 3870 Dei
620 3815 686 3870 et
728 3813 903 3890 regia
942 3811 1153 3888 gratia
1194 3815 1574 3887 potestas
1618 3810 1789 3870 Sen.
1833 3807 2242 3869 concedimus
2297 3807 2420 3868 tibi
2473 3806 2712 3868 Iacobo

251 3909 512 3970 Consilii
554 3927 671 3986 pro
712 3914 779 3969 te
819 3913 888 3967 et
928 3906 1238 3968 fratribus
1267 3906 1592 3968 licentiam
1620 3904 2030 3984 recolligendi
2055 3904 2134 3964 de
2162 3904 2346 3966 bonis
2375 3904 2708 3964 hominum

250 4007 329 4067 de
372 4006 553 4068 Vult.
598 4025 799 4084 usque
840 4005 927 4067 ad
981 4004 1149 4068 MCC
1188 4004 1297 4065 lib.
1339 4004 1485 4064 den.
1531 4003 1698 4076 Sen.,
1743 4005 1897 4081 quia
1954 4021 2226 4063 comune
2281 4002 2457 4063 Vult.
2501 4001 2710 4078 requi·

248 4107 471 4176 situm,
513 4109 593 4164 ut
632 4102 693 4163 ei
731 4103 1131 4166 satisfaceret·
1172 4102 1251 4161 de
1291 4101 1477 4162 bonis
1518 4101 1639 4161 sibi
1681 4099 1918 4161 ablatis
1959 4119 1998 4160 a
2041 4099 2308 4160 Pulcino
2335 4101 2474 4159 cive
2503 4098 2706 4170 Vult„

250 4221 383 4262 non
422 4201 597 4262 fecit.
682 4201 829 4260 Act.
872 4199 1070 4260 Senis.
1168 4199 1391 4258 Mocza
1444 4197 1671 4259 iudice.
1729 4196 2046 4258 Palmerio
2102 4196 2388 4256 Rainerii
2441 4203 2580 4256 not.
2625 4201 2704 4255 tt.

250 4299 685 4360 Guiduecinus
726 4298 834 4376 qd.
881 4298 1186 4359 Iohannis
1228 4303 1361 4357 not.

572 4396 831 4456 Florenz
874 4396 1023 4456 Ast.
1074 4394 1265 4470 (Vola.
1310 4415 1372 4454 n.
1419 4395 1561 4470 815)
1607 4393 1778 4470 Oris).

396 4713 437 4774 ι)
476 4713 567 4761 Im
602 4711 771 4760 Jahre
816 4713 969 4766 1319,
1010 4710 1317 4771 Ori9.1⁷olt.
1358 4709 1569 4770 ACap.‚
1606 4710 1786 4769 δίψά
1824 4711 1924 4768 (αη
1963 4718 2096 4758 ro'er
2131 4707 2555 4770 See'rlcn·³rhnur)
2597 4721 2708 4755 ver-

249 4801 407 4850 loren.
