3817 5642
990 533 1436 587 REGESTUM
1473 531 2163 588 VOLATERRANUM
2697 534 2803 587 295

1846 624 2116 633 —.—.-..—
2143 628 2238 632 —.—

1064 626 1545 633 -—-——.——-———

313 726 532 789 donis
572 732 639 789 et
679 726 918 789 Iacobo
961 727 1042 787 de
1080 726 1356 789 Mutina.
1401 725 1720 806 Perugino
1763 728 1971 806 priore
2000 728 2077 787 dc
2113 728 2417 788 Marzano
2453 734 2529 788 tt.
2612 728 2800 789 Lam·

311 822 564 884 bertus
603 824 854 885 Trincie
894 824 1046 903 imp.
1089 829 1260 884 auct.
1305 834 1438 883 not.

662 921 801 984 San
843 922 1224 1000 Gimiynano
1266 922 1498 983 ACom.
1544 923 1726 983 Liber
1768 923 2024 984 blancus
2066 923 2146 982 55
2176 924 2325 1001 Gop.
2356 944 2403 983 s.
2436 922 2626 985 XIII
2665 924 2802 1001 (mit

661 1038 726 1077 n.
772 1016 892 1078 869
932 1022 1338 1093 zusammen).

321 1117 478 1177 874.
1793 1116 2161 1192 Beriqnone,
2206 1116 2287 1177 15
2326 1116 2580 1178 Oktober
2618 1117 2796 1179 1280.

463 1214 907 1274 Rainerius
934 1232 1032 1291 ep.
1061 1212 1234 1275 Vult.
1265 1214 1578 1275 concessit
1605 1214 1968 1275 Borristoro
1998 1214 2101 1294 qd.
2133 1213 2490 1276 Deotisalvi
2516 1215 2597 1275 de
2623 1215 2797 1278 Clus-

317 1312 489 1383 lin0,
533 1311 916 1371 castaldioni
955 1330 1092 1381 suo,
1137 1310 1386 1371 fructus
1429 1312 1788 1390 aliquarum
1835 1322 2000 1373 terre
2042 1314 2361 1391 petiarum
2402 1314 2472 1373 in
2498 1312 2795 1383 Chalino,

319 1411 542 1470 donec
581 1410 838 1469 steterit
877 1409 944 1469 in
985 1408 1188 1469 offitio
1231 1408 1757 1469 castaldionatuS.
1854 1410 1997 1470 Act.
2058 1409 2433 1486 Berignone.
2530 1408 2799 1471 Alberto

319 1505 612 1584 plebano
653 1508 734 1567 de
776 1506 1070 1567 Gerfalco
1110 1511 1177 1565 et
1219 1506 1418 1565 Petro
1459 1504 1732 1583 plebano
1768 1506 1848 1565 de
1877 1505 2158 1567 Cluslino
2189 1511 2265 1565 tt.
2351 1504 2794 1577 MCCLXXX,

320 1603 466 1665 ind.
510 1603 732 1675 VIIII,
778 1602 903 1664 XV
946 1610 1069 1664 oct.
1154 1602 1504 1662 Nicholaus
1547 1601 1769 1663 Guooii
1811 1612 1946 1663 not.

662 1701 824 1764 Vozt.
857 1700 1098 1763 AVesc.
1129 1720 1178 1761 3.
1211 1699 1402 1760 XIII
1429 1700 1552 1761 cleo.
1585 1700 1624 1760 9
1651 1720 1716 1761 n.
1747 1701 1826 1761 24
1855 1699 2027 1777 Oriy.

324 1941 475 2001 875.
1573 1938 1712 1999 San
1741 1939 2152 2020 GimiynanO,
2197 1940 2279 1999 20
2318 1938 2573 1999 Oktober
2613 1939 2792 2001 1280.

455 2036 904 2107 MCCLXXX,
948 2036 1077 2097 ind.
1122 2036 1344 2108 VIIII,
1392 2036 1526 2095 XX
1569 2042 1694 2097 oct.
1779 2036 2073 2095 Fantone
2115 2036 2194 2095 de
2236 2036 2456 2097 Rossis
2496 2036 2577 2097 de
2622 2035 2787 2097 Flor.

322 2141 623 2214 potestas
664 2136 953 2197 comunis
993 2132 1214 2193 Sancti
1271 2133 1634 2194 Geminiani
1683 2139 1751 2193 et
1805 2132 2147 2193 consiliarii
2200 2132 2493 2195 fecerunt
2545 2132 2793 2211 Pepum

323 2234 485 2293 olim
526 2232 854 2293 Michaelis
895 2238 964 2292 et
1003 2231 1226 2293 Colam
1269 2231 1421 2292 olim
1470 2229 1801 2290 Lamberti
1859 2229 2154 2290 absentes
2208 2236 2653 2307 procuratores
2706 2231 2793 2291 ad

323 2330 784 2391 ascultandum
839 2328 1178 2388 arbitrium
1233 2328 1486 2389 Andree
1541 2328 1757 2389 Maffei
1811 2334 1878 2388 et
1934 2328 2137 2388 Nardi
2193 2328 2271 2387 de
2326 2328 2569 2389 Casulis
2621 2329 2790 2389 inter

323 2430 778 2488 Ranerium
820 2448 917 2506 ep.
962 2426 1137 2487 Vult.
1181 2434 1248 2487 et
1291 2446 1561 2487 comune
1603 2426 1824 2488 Sancti
1858 2424 2221 2487 Geminiani
2249 2427 2329 2486 de
2356 2432 2566 2487 castro
2594 2426 2791 2487 Gam-

319 2527 519 2587 bassi.
606 2525 749 2585 Act.
793 2524 1016 2586 Sancti
1058 2524 1419 2585 Geminiani
1463 2526 1529 2585 in
1570 2522 1814 2602 palatio
1869 2522 2413 2595 Mantellinorum,
2456 2523 2571 2584 ubi
2624 2524 2791 2586 fiunt

319 2621 610 2682 consilia.
721 2622 1010 2682 Iohanne
1053 2621 1262 2682 iudice
1303 2621 1385 2681 de
1410 2619 1952 2697 MontepuloianO.
1986 2620 2347 2681 Alamanno
2378 2627 2509 2681 not.
2548 2620 2655 2699 qd.
2684 2622 2787 2681 Ia-

318 2717 475 2780 cobi
527 2718 610 2778 de
665 2718 889 2779 Castro
944 2718 1334 2779 FlorentinO.
1392 2716 1600 2796 Lippo
1660 2716 1992 2777 FantoniS.
2059 2717 2303 2779 Iacobo
2357 2736 2629 2795 precone
2688 2736 2789 2778 co-

317 2818 542 2878 munis
585 2822 664 2877 tt.
748 2814 1133 2875 Lambertus
1176 2815 1428 2875 Trincie
1471 2820 1602 2874 not.

647 2912 1213 2994 Saanimiqnano
1255 2912 1488 2973 AGom.
1536 2912 1718 2973 Liber
1758 2912 2020 2973 blancus
2061 2912 2143 2973 56
2182 2912 2337 2992 Cop.
2375 2932 2424 2973 8.
2470 2912 2655 2973 XIII
2702 2933 2789 2973 ex.

315 3127 462 3187 876.
1895 3126 2139 3197 Casole,
2183 3128 2263 3187 23
2304 3126 2559 3188 Oktober
2599 3126 2785 3187 1280.

443 3223 692 3284 Arbitri
732 3224 1084 3285 decernunt·
1129 3241 1318 3301 super
1359 3222 1471 3283 lite
1513 3226 1681 3284 inter
1723 3223 2174 3283 Ranerium
2217 3243 2311 3303 ep.
2355 3224 2534 3287 Vult.
2579 3232 2645 3285 et
2686 3246 2786 3288 co·

311 3341 516 3383 mune
558 3320 778 3382 Sancti
822 3321 1202 3382 Geminiani.

643 3419 908 3479 Florem
937 3416 1086 3478 Ast.
1134 3416 1293 3493 (San
1343 3418 1745 3496 Gimiynano)
1777 3419 1947 3497 Oriq.
1978 3418 2117 3479 San
2140 3419 2521 3496 G'imiqnauo
2550 3419 2783 3484 Assom.

647 3516 828 3577 Liber
849 3516 1106 3577 blancus
1126 3515 1242 3575 56¹.
1277 3514 1374 3575 58'
1404 3519 1548 3576 zwei
1577 3516 1774 3593 Oopp.
1805 3537 1852 3577 ε.
1883 3516 2070 3575 XIII
2105 3536 2197 3579 ex.
2220 3518 2402 3578 Liber
2428 3518 2671 3578 iuriam
2702 3522 2783 3580 11.

647 3613 738 3675 12'
765 3615 861 3672 cit.
946 3614 1098 3690 Rey.
1142 3613 1505 3673 Davidsolm
1549 3614 1991 3691 Forschunyen
2033 3614 2113 3674 II
2154 3615 2276 3676 217
2316 3636 2379 3675 n.
2423 3614 2603 3676 1615.
2642 3682 2647 3687 q

321 3842 466 3903 877.
1898 3843 2139 3913 Οαεοῖε,
2184 3845 2263 3904 24
2306 3844 2560 3905 Oktober
2599 3844 2778 3906 1280.

445 3938 894 4013 MCCLXXX‚
937 3940 1065 4000 ind.
1109 3938 1331 4012 VHII,
1377 3939 1653 4000 XXIIII
1698 3947 1820 4001 oct.
1914 3941 2126 4021 Pepus
2170 3940 2273 4020 qd.
2304 3940 2628 4003 Michaelis
2654 3944 2781 4005 sin·

319 4040 503 4099 dicus
543 4039 834 4098 comunis
873 4036 1097 4099 Sancti
1138 4035 1499 4097 Geminiani
1542 4038 1875 4117 requisivit
1934 4038 2385 4098 Ranerium
2440 4058 2537 4117 ep.
2580 4038 2779 4113 Vult„

318 4135 494 4214 quod
537 4142 806 4214 paratus
845 4140 983 4195 erat
1022 4134 1232 4195 facere
1275 4135 1511 4207 omnia,
1556 4154 1682 4213 que
1723 4155 1835 4214 per
1884 4135 2211 4196 Andream
2252 4134 2495 4195 Mathei
2523 4140 2591 4195 et
2618 4135 2682 4196 N
2686 4156 2781 4197 ar·

320 4232 479 4292 dum
501 4231 756 4311 Rogerii
777 4231 1051 4291 sindicos
1080 4233 1370 4292 comunis
1398 4230 1477 4290 de
1505 4231 1767 4303 CasuliS,
1795 4231 2071 4291 arbitros
2099 4231 2182 4291 ab
2212 4232 2365 4309 ipsis
2396 4240 2780 4312 assumptoe,

320 4328 586 4389 laudata
615 4328 894 4388 fuerunt.
979 4328 1120 4388 Act.
1152 4328 1393 4389 Casulis
1423 4327 1492 4389 in
1518 4329 1798 4388 claustro
1827 4327 2031 4407 plebis
2062 4330 2270 4389 castri.
2354 4329 2537 4390 Cerio
2570 4331 2781 4391 iudice

323 4426 426 4504 qd.
471 4424 756 4486 Gentius.
801 4425 1025 4503 Coppo
1068 4426 1274 4485 iudice
1316 4426 1420 4504 qd.
1464 4425 1774 4487 Lanberti
1817 4432 1892 4485 tt.
2010 4426 2285 4486 Iacobus
2328 4427 2570 4487 Posche
2624 4428 2777 4506 imp.

319 4530 492 4584 auct.
535 4521 728 4584 iudex
769 4529 838 4583 et
879 4529 1012 4583 not.

638 4619 774 4680 San
818 4620 1198 4697 Gimiqnano
1243 4620 1475 4681 AC'om.
1523 4621 1704 4681 Liber
1745 4620 2003 4681 blancus
2047 4620 2144 4679 59·
2186 4621 2336 4698 Cap.
2382 4642 2427 4681 8.
2455 4620 2640 4685 XIII
2686 4642 2776 4682 ex.

641 4716 821 4779 Liber
863 4719 1103 4777 iurium
1149 4722 1214 4775 11
1253 4720 1350 4777 cit.
