3817 5642
778 651 785 658 .
876 578 1321 635 REGESTUM
1356 579 2046 638 VOLATERRANUM
2583 587 2688 640 169

232 775 533 856 Paganus
574 795 674 855 ep.
718 775 1025 856 Magister
1066 775 1338 836 Pisanus
1380 795 1524 838 can.
1568 777 1776 856 presb.
1822 778 2128 857 Magister
2157 780 2518 841 Brocardus
2548 798 2690 841 can.

232 874 444 954 presb.
490 873 831 936 Rainerius
870 893 1009 934 can.
1054 874 1263 953 presb.
1309 875 1707 938 Lanfrancus
1762 895 1904 936 can.
1951 877 2116 937 diac.
2161 879 2500 940 Rainerius
2549 897 2689 937 can.

228 971 399 1031 diac.
445 969 860 1032 Ildibrandus
902 989 1044 1030 can.
1089 969 1251 1030 diac.
1297 971 1597 1050 Paganus
1638 991 1740 1050 ep.
1784 991 1865 1032 ss.

562 1066 723 1128 Volt.
770 1067 1009 1128 AVesc.
1056 1067 1229 1145 App.
1271 1066 1433 1144 Paq.
1478 1068 1519 1128 3
1557 1067 1731 1146 Oriq.
1781 1070 2016 1147 (Sieqd
2061 1071 2354 1144 verloren,
2399 1077 2522 1132 rote
2563 1070 2694 1130 und

555 1165 719 1242 qdbe
755 1157 1260 1242 Seide'mohnur).

230 1361 372 1422 479.
1710 1364 2113 1438 Pomarance,
2158 1365 2240 1426 20
2279 1364 2389 1424 M
2359 1383 2466 1424 αντ
2502 1365 2690 1425 1231.

354 1460 518 1540 Pag
534 1479 734 1520 anus
790 1479 891 1538 ep.
942 1459 1119 1522 Vult.
1216 1460 1628 1539 Giamf(anti)
1686 1449 2000 1541 potestati
2055 1463 2276 1524 Sancti
2331 1462 2694 1532 Geminiani

231 1556 459 1620 scribit
500 1577 567 1620 se
608 1558 805 1618 variis
844 1558 1335 1620 infirmitatibus
1380 1566 1841 1640 pregravatum
1898 1567 2185 1622 castrum
2225 1561 2289 1622 S.
2332 1559 2695 1622 Geminiani

228 1656 317 1718 ab
345 1656 696 1718 interdictu
725 1654 971 1717 solvere
996 1676 1129 1717 non
1154 1677 1374 1736 posse3
1419 1659 1532 1718 sed
1562 1657 2032 1720 Bet-nardinum
2064 1660 2460 1738 prepositum
2495 1658 2694 1738 plebis

228 1754 475 1816 Montis
499 1750 826 1815 Vulterrai
853 1761 1331 1833 procuratorem
1358 1775 1547 1816 suum
1574 1775 1695 1817 sua
1713 1762 1779 1816 et
1808 1776 1975 1835 pape
2005 1759 2395 1817 auctorit-ate
2421 1759 2486 1834 ²),
2517 1763 2693 1836 post-

226 1872 433 1933 quam
474 1858 765 1931 potestas
806 1852 945 1913 XII
986 1853 1267 1915 stadioos
1307 1863 1375 1915 et
1418 1853 1555 1914 XII
1596 1854 1994 1916 fideiussores
2021 1873 2138 1933 pro
2166 1855 2414 1915 iniuriis
2442 1854 2694 1914 satisfa-

228 1953 477 2013 ciendis
512 1953 579 2012 in
618 1951 761 2013 loeo
800 1950 1032 2012 idoneo
1059 1958 1126 2012 et
1154 1972 1378 2013 securo
1402 1954 1732 2026 locaverit,
1763 1973 1872 2014 eos
1902 1955 2262 2014 soluturum
2307 1973 2460 2014 esse.
2549 1953 2691 2014 Act.

229 2053 299 2111 in
340 2068 599 2112 camera
651 2071 703 2110 e.
748 2050 975 2132 Angeli
1032 2050 1408 2128 (Michaelis)
1467 2053 1534 2120 in
1590 2053 2122 2130 Ripamarrancia
2224 2071 2440 2112 coram
2482 2051 2691 2130 presb.

225 2149 519 2210 Martino
560 2148 906 2226 capellano,
937 2145 1141 2226 Spata
1167 2149 1409 2211 clerieo.
1450 2150 1731 2211 Ranerio
1774 2150 2036 2210 medico.
2121 2148 2514 2222 MCCXXX,
2559 2150 2692 2210 ind.

226 2247 397 2316 1111,
448 2245 621 2306 XIII
661 2245 789 2305 kal.
834 2264 969 2323 apr.
1054 2245 1427 2306 Bonfiliolus
1466 2254 1605 2307 not.

558 2343 816 2419 Aua-zuo
856 2330 931 2402 iri
970 2361 1035 2402 n.
1081 2342 1216 2403 480.

220 2543 374 2602 480.
1542 2539 1677 2600 San
1719 2540 2122 2618 Gimiqnann,
2165 2540 2242 2601 21
2286 2540 2396 2600 M
2367 2561 2472 2602 αντ
2513 2541 2692 2601 1231.

356 2638 797 2698 Bernardinus
836 2639 1203 2714 prepositus
1232 2636 1471 2696 Montis
1499 2636 1821 2697 Vulterrai
1848 2645 2228 2716 procurator
2257 2639 2362 2698 Pa
2379 2659 2472 2718 ga
2489 2641 2566 2699 ni
2593 2658 2694 2718 ep.

224 2737 416 2800 Vult.
424 2737 471 2813 ·)
487 2735 701 2814 pergit
726 2734 811 2794 ad
839 2732 1149 2793 Sanctum
1178 2732 1630 2792 Geminianum
1658 2738 1727 2793 et
1752 2737 2026 2812 receptis
2059 2735 2324 2796 stadicis
2349 2741 2415 2796 et
2445 2736 2696 2797 fideius-

224 2834 489 2897 soribus
530 2837 931 2911 protestatus
958 2835 1058 2891 est
1084 2850 1153 2890 se
1179 2837 1482 2909 paratum
1510 2849 1645 2890 esse
1672 2837 2068 2910 potestatem
2097 2839 2166 2893 et
2193 2852 2464 2894 comune
2491 2833 2696 2895 absol·

224 2953 413 3004 vere,
457 2935 651 3009 prout
694 2931 1062 2990 continetur
1102 2930 1167 2988 in
1208 2927 1485 3007 epistola
1526 2929 1771 3008 Pagani
1796 2931 1843 3006 ²>
1899 2936 1964 2989 et
2023 2931 2088 2990 in
2143 2935 2452 3010 rescripto
2492 2951 2696 3012 pape3

218 3029 347 3091 sed
390 3033 685 3106 potestas
726 3026 893 3086 dixit
932 3045 999 3086 se
1040 3025 1235 3086 nichil
1275 3025 1356 3085 de
1398 3025 1697 3086 omnibus
1738 3025 2085 3100 facturum,
2117 3029 2238 3088 nisi
2267 3047 2368 3108 ep.
2399 3049 2696 3107 persona-

220 3129 385 3188 liter
426 3124 779 3185 accederet.
882 3124 1028 3184 Act.
1072 3125 1138 3184 in
1193 3129 1407 3184 castro
1449 3123 1670 3184 Sancti
1726 3124 2086 3185 Geminiani
2133 3128 2199 3186 in
2239 3126 2434 3188 choro
2475 3127 2696 3206 plebis.

220 3223 594 3286 Lamberto
620 3223 949 3301 preposito
976 3219 1039 3281 S.
1070 3219 1451 3281 Geminiani.
1484 3220 1805 3281 Rollando
1832 3223 2060 3283 clerico
2091 3223 2296 3301 plebis
2323 3223 2404 3284 de
2431 3225 2699 3286 Kianni.

222 3323 474 3385 Iuncta
505 3325 751 3382 rectore
778 3319 928 3380 eccl.
972 3320 1055 3379 de
1099 3318 1339 3390 Casale,
1386 3318 1527 3378 aliis
1570 3325 1649 3378 tt.
1736 3318 2128 3392 MCCXXX,
2173 3321 2306 3382 ind.
2353 3322 2514 3394 IIII,
2563 3321 2698 3383 XII

218 3421 362 3482 kal.
410 3437 549 3498 apr.
635 3419 1087 3478 Provenzanus
1128 3422 1265 3477 not.

569 3517 729 3578 Vou.
776 3515 1015 3578 AVeec.
1060 3534 1111 3575 s.
1156 3514 1348 3574 XIII
1373 3515 1494 3576 dec.
1526 3515 1567 3575 3
1594 3535 1657 3575 n.
1690 3516 1771 3576 29
1799 3514 1972 3594 Θήρ.

220 3719 378 3777 481.
1691 3712 1769 3770 M
1771 3711 2176 3784 ontalcsneuo
2209 3714 2290 3774 23
2328 3715 2378 3774 J
2381 3713 2476 3776 ult
2516 3715 2696 3776 1231.

356 3809 791 3884 ΜΟΟΧΧΧῙ,
822 3811 954 3871 ind.
985 3808 1147 3882 1111,
1182 3811 1245 3870 X
1274 3809 1401 3870 kal.
1427 3830 1528 3890 ag.
1616 3809 1749 3870 Nos
1780 3811 1881 3870 Pa
1898 3831 2152 3889 ganus
2181 3811 2368 3874 Vult..
2390 3833 2490 3891 ep
2523 3833 2699 3874 man-

218 3915 473 3975 damus
514 3908 702 3970 vobis
744 3909 1073 3970 Bernardo
1116 3909 1429 3987 potestati
1483 3915 1549 3968 et
1607 3907 1937 3969 Oldifredo
1992 3912 2342 3971 camerario
2382 3911 2580 3984 Vult,
2625 3918 2701 3972 ut

218 4009 512 4073 solvatis
554 4007 1114 4084 Richamontagne
1154 4007 1335 4084 nepti
1376 4011 1597 4066 nostre
1636 4005 1745 4065 lib.
1791 4005 1857 4078 C,
1904 4025 2065 4084 quas
2116 4007 2272 4067 mihi
2326 4005 2580 4068 debet-is
2621 4008 2701 4068 de

216 4107 423 4170 datio
464 4103 527 4163 D
566 4093 699 4176 lib„
745 4122 907 4182 quas
947 4122 1066 4181 pro
1114 4102 1233 4163 hoc
1292 4121 1463 4162 anno
1504 4102 1753 4162 auferre
1795 4100 2045 4162 debetis
2087 4123 2126 4162 a
2166 4106 2393 4164 castris
2442 4107 2702 4165 comuni
2765 4098 2776 4108 ’

222 4228 270 4268 a
312 4202 509 4264 nobis
552 4202 886 4273 concessis,
932 4205 1309 4261 revocantes
1350 4201 2102 4272 excommunicationem,
2128 4203 2178 4262 si
2207 4221 2406 4280 quam
2437 4202 2700 4262 tulimus

220 4305 297 4364 in
342 4300 631 4378 presenti
675 4317 845 4359 anno
886 4298 969 4357 de
1008 4297 1201 4357 dietis
1242 4296 1305 4356 D
1344 4296 1455 4357 lib.
1500 4316 1629 4357 non
1684 4296 2051 4357 auferendis
2117 4319 2156 4359 a
2203 4295 2460 4370 castris,
2506 4298 2700 4362 salvis

220 4398 385 4462 aliis
425 4394 1199 4457 excommunicationibus
1240 4399 1469 4455 contra
1508 4413 1623 4453 vos
1665 4399 1730 4453 et
1760 4413 2032 4454 comune
2061 4393 2210 4455 latis
2235 4414 2278 4456 a
2305 4395 2492 4458 nobis
2519 4402 2701 4458 cart-a

220 4493 585 4559 Bonfilioli.
673 4491 817 4553 Act.
866 4492 1038 4570 apud
1081 4491 1545 4552 Montalcinum
1591 4490 1655 4551 in
1710 4494 1886 4551 curia
1943 4511 2040 4569 ep.
2141 4491 2350 4571 Spata
2399 4494 2697 4572 plebano.

384 4711 425 4774 ¹)
464 4708 577 4756 Der
614 4705 921 4769 Papstbries
956 4706 1029 4754 ist
1064 4707 1311 4756 verloren.
1389 4707 1430 4769 ²⁸)
1456 4707 1615 4756 Siehe
1640 4707 1735 4756 das
1762 4709 1939 4770 voriqc
1967 4709 2170 4771 Reum,
2197 4709 2355 4758 smvie
2381 4710 2698 4764 Davidsolm

214 4799 457 4853 lov-ech.
494 4795 565 4846 II
604 4797 677 4848 14
714 4811 767 4846 n.
810 4798 894 4845 49.
