3817 5642
1033 543 1137 600 184
1680 541 2116 596 REGESTUM
2157 541 2842 597 VOLATERRANUM

1032 737 1395 817 Alagerium
1426 744 1493 797 et
1519 736 1921 800 Tancredum
1955 739 2223 798 vicario-s
2251 737 2495 798 Donati
2527 739 2870 816 potestatis
2901 739 3097 810 Vult„
3131 739 3480 800 Gnidonem

1032 835 1303 897 iudicem
1346 837 1654 904 comunis,
1700 835 2056 906 consilium,
2103 842 2178 895 ut
2221 835 2386 896 infra
2429 835 2600 898 diem
2644 837 2894 898 veneris
2921 844 3074 898 ante
3102 837 3482 898 dominicam

1030 933 1111 994 de
1154 935 1349 994 ramis
1389 933 1751 1010 palmarum
1783 935 1825 1008 ¹)
1868 932 2316 994 satisfacerent
2361 934 2762 1012 (Pagano)
2805 953 2903 1012 ep.
2947 933 3128 994 Vult.
3173 936 3357 995 iuxta
3395 942 3482 994 te-

1032 1051 1247 1094 norem
1291 1027 1653 1092 litterarum
1698 1050 1883 1110 pape,
1927 1049 2092 1109 quas
2135 1051 2255 1110 ego
2296 1030 2628 1094 odorisius
2671 1032 2950 1111 legeram
2977 1033 3114 1093 alta
3147 1037 3384 1106 νωθῆ,
3412 1039 3486 1094 ut

1032 1135 1279 1190 starent
1320 1129 1559 1207 precise
1600 1127 1929 1190 mandatis
1969 1147 2138 1206 pape
2177 1133 2244 1189 et
2287 1127 2634 1191 Alexandri
2677 1149 2871 1208 super
2917 1131 3261 1207 premissis.
3349 1129 3486 1190 Act.

1032 1227 1097 1286 in
1139 1222 1288 1286 eccl.
1312 1224 1681 1286 cathedrali.
1769 1225 1974 1286 Paulo
1995 1226 2040 1300 ²)
2105 1224 2254 1286 abb.
2287 1245 2337 1285 s.
2369 1223 2661 1304 Galgani.
2695 1225 2888 1286 Petro
2919 1227 3236 1287 monacho
3261 1245 3380 1287 auo
3409 1235 3488 1286 tt.

1034 1322 1365 1385 Odon-isius
1406 1322 1788 1384 seriniariua

1354 1421 1611 1482 Florem
1656 1421 1807 1482 Ast.
1856 1421 2048 1498 (Volt.
2095 1421 2256 1482 1236
2297 1421 2396 1480 IV
2442 1421 2538 1491 10,
2585 1441 2646 1480 n.
2693 1422 2838 1496 396)
2881 1422 3052 1499 Θήρ.

1038 1575 1173 1634 529.
2627 1571 2921 1642 Volterra,
2965 1573 3047 1634 18
3087 1573 3273 1634 Μᾶνε
3315 1575 3491 1636 1236

1164 1669 1647 1741 Mccxxxw,
1690 1669 1822 1732 ind.
1870 1669 2094 1743 VIIII,
2143 1669 2402 1751 XVIII
2419 1675 2608 1730 mart.
2708 1671 3068 1732 Alexander
3122 1690 3290 1750 pape
3353 1692 3494 1750 cap-

1040 1769 1327 1848 pellanus
1368 1774 1435 1829 et
1476 1769 1825 1847 delegatae,
1860 1787 2006 1828 cum
2035 1787 2250 1829 coram
2294 1787 2372 1828 eo
2405 1767 2618 1828 Guido
2660 1765 2854 1829 iudex
2894 1771 3182 1830 comunis
3225 1770 3402 1832 Vult.
3435 1777 3499 1831 et

1042 1867 1229 1928 iudex
1274 1867 1600 1947 Galganus
1641 1867 1686 1926 f.
1732 1866 2162 1944 Bonparentis
2205 1885 2282 1924 ex
2325 1871 2511 1945 parte
2553 1864 2830 1946 Alagerii
2872 1873 2940 1928 et
2981 1867 3293 1928 Tancredi
3330 1871 3498 1928 vica·

1039 1967 1275 2026 riorum
1320 1967 1663 2044 potestitis
1695 1964 1866 2024 Vult.
1902 1964 2206 2034 dicerent,
2237 1963 2414 2042 quod
2443 1965 2566 2041 ipsi
2593 1973 2662 2024 et·
2688 1984 2962 2026 comune
2990 1964 3298 2027 volebant
3323 1967 3500 2044 equi-

1044 2069 1179 2123 tare
1222 2062 1303 2123 ad
1336 2061 1749 2124 muniendum
1782 2069 2066 2122 castrum
2097 2061 2292 2140 Nigro
2319 2067 2388 2122 et
2417 2081 2546 2124 non
2575 2061 2658 2122 ad
2697 2062 3109 2123 offensionem
3138 2063 3496 2124 faciendam

1046 2163 1448 2242 (Pagano)
1492 2183 1593 2240 ep.
1638 2161 1835 2234 Vult„
1866 2161 2154 2240 precepit
2183 2160 2292 2232 eie,
2326 2167 2402 2222 ut
2430 2179 2560 2222 non
2601 2159 3004 2223 offenderent
3045 2183 3145 2242 ep.
3191 2181 3305 2222 nec
3349 2163 3500 2222 eccl.

1044 2259 1219 2322 Vult.
1265 2279 1379 2339 pro
1422 2259 1782 2320 reverentia
1821 2278 1988 2338 pape
2029 2263 2096 2318 et
2138 2257 2311 2319 Eccl.
2356 2257 2570 2330 Rom.,
2615 2259 2768 2338 quia
2811 2256 2963 2319 illud
3009 2265 3272 2338 putaret
3303 2259 3368 2320 in
3395 2280 3500 2338 ap.

1044 2357 1213 2420 sedis
1253 2359 1547 2420 iniuriam
1592 2356 1952 2436 specialiter
1991 2376 2126 2416 esse
2168 2355 2436 2417 factum.
2523 2357 2668 2418 Act.
2713 2353 2889 2418 Vult.
2933 2357 3002 2418 in
3043 2377 3296 2418 camera
3339 2357 3504 2418 Lan-

1045 2455 1253 2516 franki
1317 2454 1659 2516 archidiac.
1704 2455 1905 2525 Vult„
1951 2451 2056 2513 ubi
2122 2459 2261 2513 erat
2325 2455 2695 2532 hospitatus
2757 2453 3060 2532 magister
3121 2455 3504 2516 Alexander.

1050 2554 1283 2614 Paulo*
1294 2552 1492 2629 )abb.
1526 2575 1571 2612 s.
1607 2553 1896 2630 Calgani.
1945 2551 2358 2628 Lanfran(c)o
2401 2552 2742 2614 archidiac.
2775 2549 2950 2613 Vult.
2983 2553 3272 2614 Corvone
3305 2567 3366 2612 et
3411 2554 3509 2612 Io-

1048 2651 1259 2711 hanne
1303 2649 1666 2711 Lombardo
1707 2649 2130 2711 familiaribus
2163 2649 2510 2712 Alexandri
2554 2655 2632 2710 tl.
2718 2648 3045 2711 Odor-isius
3088 2650 3362 2711 criniarit
3369 2673 3448 2711 is.

1368 2747 1625 2808 Florenz
1670 2747 1820 2808 Ast.
1869 2747 2062 2823 (Volt.
2094 2747 2256 2808 1236
2299 2745 2398 2808 IV
2443 2747 2540 2816 10,
2585 2767 2647 2809 n.
2692 2748 2835 2824 396)
2883 2747 3058 2825 Oria.

1050 2893 1189 2953 530.
1442 2883 1461 2900 '
2645 2888 2932 2958 Voloerra,
2976 2889 3054 2950 21
3097 2891 3281 2950 Mc‘irz
3321 2890 3510 2952 1236.

1170 2987 1652 3060 MCCXXXVI,
1678 2986 1809 3048 ind.
1838 2985 2057 3056 VIIII,
2083 2985 2250 3046 XXI
2277 2993 2464 3046 mart.
2551 2985 2764 3046 (mdo
2788 2986 2978 3048 iudex
3001 2989 3514 3059 comunisVult„

1058 3087 1450 3168 Bonaguida‚
1496 3085 1823 3164 Gztlganus
1873 3084 2297 3162 Bonparentis
2341 3083 2528 3144 iudex
2573 3091 2639 3142 et
2683 3083 2790 3142 alii
2845 3103 2925 3143 ex
2981 3090 3164 3162 parte
3219 3089 3517 3146 comunis

1054 3187 1226 3247 Vult.
1272 3182 1735 3262 responderunt
1777 3183 2087 3260 magistro
2129 3181 2494 3242 Alexandro
2537 3180 2910 3260 cappellano
2955 3201 3120 3260 pape
3155 3201 3346 3262 super
3378 3203 3518 3244 mo-

1050 3282 1403 3346 nitionibus
1444 3301 1631 3360 pape,
1676 3279 1869 3359 quod,
1915 3279 1966 3339 si
1998 3281 2134 3357 ipse
2163 3279 2356 3340 vellet
2385 3279 2618 3342 ducere
2661 3279 2806 3355 (Pa
2820 3283 3150 3359 ganum)
3195 3301 3294 3358 ep.
3325 3282 3516 3342 Vult.

1053 3387 1119 3445 in
1158 3382 1510 3450 civit-atem,
1556 3380 1675 3458 ipsi
1718 3379 2008 3439 iurarent
2051 3377 2360 3440 mandata
2406 3378 2684 3440 Ecclesie
2727 3384 2792 3438 et
2833 3379 3034 3456 ipsius
3075 3379 3160 3440 ad
3187 3381 3518 3441 cautelam

1052 3501 1244 3558 super
1282 3478 1948 3540 excommunicatione
1991 3476 2124 3536 lata
2169 3475 2250 3538 ab
2293 3495 2392 3554 ep.
2440 3477 2506 3536 in
2545 3496 2838 3548 comune,
2871 3481 2940 3536 et
2967 3476 3144 3556 quod
3170 3477 3335 3538 bene
3363 3498 3518 3539 oon·

1057 3580 1323 3640 fiderent
1365 3594 1745 3654 componere
1802 3593 1950 3636 cum
2005 3594 2100 3646 e0,
2147 3595 2224 3634 ex
2281 3594 2412 3654 quo
2465 3581 2634 3634 esset
2689 3576 2756 3636 in
2815 3575 3104 3636 civitate.
3147 3573 3526 3639 Alexander

1056 3679 1239 3746 dixit,
1283 3673 1478 3754 quod,
1524 3675 1577 3732 si
1621 3672 1857 3736 vellent
1925 3673 2148 3750 prim0,
2205 3677 2556 3750 antequam
2614 3673 2860 3734 veniret
2913 3693 3038 3750 ep„
3080 3672 3290 3734 iurare
3335 3693 3522 3735 man-

1055 3775 1211 3836 data
1254 3792 1438 3852 pape,
1482 3790 1601 3832 sua
1640 3777 1707 3831 et
1750 3789 1850 3848 ep.
1896 3789 2088 3848 super
2128 3771 2792 3831 excommunicatione
2833 3775 2900 3829 et
2941 3769 3096 3830 dare
3151 3776 3382 3848 postea
3427 3791 3526 3832 se·

1058 3872 1398 3932 curitat‘em
1444 3875 1508 3928 et
1550 3869 1916 3928 cautionem
1959 3867 2039 3927 de
2095 3865 2550 3928 satisfaciendo
2601 3886 2702 3946 ep.
2747 3866 2828 3928 de
2883 3866 3202 3946 dampniS,
3245 3875 3526 3946 paratus

1058 3977 1197 4030 erat
1224 3989 1322 4046 ep.
1354 3967 1673 4027 reducere.
1704 3963 1893 4038 Quod
1925 3963 2290 4026 vulterrani
2318 3964 2525 4026 facere
2553 3971 2922 4037 renuerunt3
2955 3963 3126 4025 unde
3151 3965 3526 4028 Alexander

1056 4066 1467 4127 denuntiavit
1506 4065 1615 4136 eie,
1660 4061 1833 4142 quod
1877 4068 2143 4140 paratus
2184 4065 2328 4124 erat
2367 4064 2682 4140 inquirere
2711 4081 2822 4141 per
2859 4069 3056 4124 testes
3084 4063 3166 4124 de
3193 4063 3526 4142 dampni&

1062 4168 1204 4226 Act.
1249 4161 1423 4226 Vult.
1469 4162 1536 4225 in
1578 4181 1829 4223 camera
1872 4160 2220 4223 Lanfranci
2247 4160 2584 4222 archidiac.
2611 4159 2810 4232 Vult„
2845 4161 2956 4224 ubi
2981 4161 3350 4241 hospitatus
3377 4171 3530 4225 erat

1060 4263 1363 4341 magister
1402 4259 1783 4320 Alexander.
1884 4257 2086 4318 Paulo
2109 4259 2153 4334 ⁹)
2198 4256 2346 4317 abb.
2380 4277 2428 4318 s.
2461 4257 2752 4336 Galgani.
2790 4256 2986 4320 Petro
3027 4257 3344 4320 monacho
3379 4279 3530 4320 suo.

1059 4360 1445 4421 Lamfranco
1486 4356 1824 4419 archidiac.
1870 4355 2047 4418 Vult.
2093 4355 2382 4417 Iohanne
2422 4355 2788 4416 Lombardo
2839 4353 3066 4417 clerico
3115 4360 3185 4416 et
3224 4355 3532 4419 Corvone

1056 4455 1480 4519 familiaribus
1522 4453 1808 4532 magistri
1849 4449 2202 4514 Alexandri
2243 4459 2324 4514 tt.
2411 4451 2740 4514 Odorisius
2783 4453 3164 4514 scriniarius.

1380 4553 1641 4613 Florenz
1684 4550 1833 4610 Ast.
1881 4551 2077 4627 (Volt.
2126 4551 2282 4612 1236
2329 4551 2420 4612 IV
2467 4551 2563 4619 10,
2606 4571 2670 4612 n.
2713 4551 2858 4628 396)
2903 4551 3074 4628 Θήρ.

1212 4764 1253 4826 ¹)
1288 4763 1449 4812 Μᾶνι
1487 4763 1581 4819 21,·
1608 4759 1955 4812 Palmamm:
1993 4760 2155 4808 Mar-z
2193 4761 2275 4810 733.
2435 4759 2476 4822 Β)
2513 4757 2670 4808 Sida
2709 4775 2762 4808 n.
2805 4761 2922 4807 5:26.
