3817 5642
1060 617 1163 670 152
1702 616 2082 670 REGESTU
2087 617 2146 670 M
2185 615 2872 671 VOLATERRANUM

1057 807 1307 869 litteras
1347 827 1386 867 a
1427 827 1599 887 papa
1642 809 2022 886 impetratas
2063 813 2290 868 eontra
2333 809 2728 887 prepositum
2773 809 3011 870 Montis
3041 808 3398 887 Vult(rarii)
3439 817 3508 871 et

1056 905 1214 967 alios
1256 907 1589 967 occasione
1630 905 2079 985 appellationis
2122 905 2298 968 Vult.
2343 909 2633 968 comunis
2673 925 2874 968 causa
2911 907 3034 968 loci
3089 910 3370 986 suspecti
3411 928 3508 968 as·

1056 1004 1297 1084 signati
1338 1023 1449 1082 per
1492 1005 1897 1082 Mat-tinum)
1943 1003 2329 1084 archipresb.
2373 1009 2441 1064 et
2485 1007 2890 1082 §ssat-tinum)
2941 1005 3284 1066 archidiac.
3339 1005 3508 1078 Seu„

1054 1102 1165 1179 qui
1211 1101 1515 1164 dicebant
1555 1121 1623 1162 se
1666 1102 1903 1162 iudices
1947 1102 2276 1182 delegatos
2319 1103 2415 1162 vel
2461 1101 2932 1183 subdelegatos,
2979 1104 3363 1180 (Gratiadio)
3407 1123 3510 1182 ep.

1057 1197 1289 1258 Pistor.
1334 1205 1401 1258 et
1442 1197 1526 1258 ad
1566 1199 2000 1278 recipiendum
2044 1201 2412 1272 terminum,
2457 1199 2868 1278 probationes
2911 1201 3370 1279 producendas,
3415 1220 3510 1262 re·

1054 1295 1425 1375 cipiendum
1470 1296 1743 1359 iudicem
1786 1317 1825 1357 a
1865 1295 2196 1360 Sinibaldo
2223 1301 2266 1376 ¹)
2311 1297 2524 1360 Parm.
2569 1317 2727 1368 can„
2751 1317 2918 1377 pape
2959 1297 3320 1359 litterarum
3361 1317 3510 1359 con·

1058 1393 1483 1455 tradictarum
1526 1395 1836 1466 auditore,
1879 1393 2236 1456 secundum
2275 1393 2552 1456 formam
2593 1394 2956 1457 litterarum
2983 1395 3067 1456 ad
3107 1414 3210 1474 ep.
3253 1397 3508 1468 Pistor„

1058 1510 1204 1563 cum
1247 1493 1381 1570 ipse
1426 1493 1729 1553 interesse
1770 1511 1900 1554 non
1941 1493 2146 1572 possit
2187 1498 2452 1572 propter
2490 1491 2996 1572 predicationem
3043 1493 3266 1564 crucis,
3312 1513 3512 1572 quam

1056 1609 1137 1650 ex
1177 1589 1499 1670 legatione
1539 1589 1659 1652 sibi
1700 1592 2040 1651 commissa
2081 1591 2290 1652 facere
2345 1595 2620 1651 tenetur.
2705 1591 2850 1654 Act.
2905 1591 3084 1652 Vult.
3141 1591 3327 1652 iuxta
3365 1611 3516 1669 pra-

1056 1693 1201 1749 tum
1240 1689 1307 1749 in
1347 1688 1541 1750 domo
1585 1687 1907 1750 Bonfilioli
1951 1688 2057 1768 qd.
2099 1688 2423 1750 Tedesehi.
2509 1687 2811 1750 Rainerio
2839 1687 3118 1750 Gattari.
3159 1689 3512 1750 Gontolino

1058 1787 1287 1848 iudice.
1330 1787 1793 1848 Bonaventura
1832 1787 2154 1850 Mannetti
2197 1794 2280 1848 tt.
2365 1787 2618 1850 Sericus
2659 1805 2711 1847 s.
2755 1790 2908 1866 imp.
2953 1793 3088 1848 not.

1375 1884 1635 1946 Florem
1679 1885 1827 1946 Ast.
1876 1885 2070 1960 (Volt.
2115 1885 2278 1946 1226
2319 1884 2440 1946 III
2483 1885 2542 1958 5,
2587 1905 2648 1946 π.
2691 1885 2838 1960 253)
2882 1885 3054 1964 Oriq.

1054 2077 1196 2139 432.
2638 2077 3062 2150 Volterra,13
3103 2079 3286 2141 Miirz
3325 2079 3513 2141 1227.

1176 2174 1595 2248 MCCXXVI,
1642 2175 1747 2236 111
1788 2176 1873 2237 id.
1923 2183 2132 2248 mart„
2177 2177 2312 2238 ind.
2360 2176 2502 2239 XV.
2587 2175 2986 2238 Albertus
3027 2197 3236 2239 comes
3277 2177 3360 2238 de
3397 2177 3518 2239 Se-

1056 2271 1269 2354 galare
1310 2273 1538 2336 Vult.
1598 2281 1979 2353 pot-estas
2019 2295 2168 2336 cum
2209 2275 2476 2336 consilio
2517 2275 2900 2352 Gontolfini)
2931 2274 3161 2337 iudicis
3193 2277 3512 2338 comunis

1059 2369 1166 2430 III
1186 2371 1707 2442 consiliariorum,
1740 2371 1971 2434 Placiti
1997 2373 2108 2452 qd.
2140 2372 2434 2451 Pescepti
2461 2373 2830 2454 provisoris,
2861 2373 3302 2434 Bartholomei
3337 2374 3520 2434 Bon-

1055 2470 1341 2547 parentis
1382 2468 1656 2530 consulis
1699 2477 2126 2530 mercatorum
2167 2469 2324 2530 fecit
2377 2469 2714 2530 Danielem
2769 2470 2874 2549 qd.
2933 2469 3153 2534 Biffoli
3192 2469 3518 2531 sindicum

1056 2563 1143 2626 ad
1181 2567 1713 2643 representandas
1754 2567 2003 2628 litteras
2059 2567 2600 2646 subdelegationis
2655 2567 2826 2628 facte
2881 2587 2995 2646 per
3050 2567 3516 2646 G(ratiadium)

1056 2681 1155 2744 ep.
1199 2663 1429 2726 Pistor.
1474 2664 1699 2728 abbati
1742 2683 1787 2723 s.
1835 2663 2056 2727 Savini
2097 2665 2221 2726 Pis.
2263 2663 2426 2725 dioc.
2471 2672 2539 2726 et
2593 2663 2830 2743 Gal(lo)
2887 2685 3029 2729 can.
3075 2667 3199 2728 Pis.
3225 2668 3273 2743 ²)
3313 2671 3380 2726 et
3419 2667 3520 2727 ad

1058 2761 1531 2840 procedendum
1574 2783 1789 2824 coram
1830 2765 1922 2824 eis
1963 2764 2319 2824 secundum
2359 2763 2608 2826 litteras
2651 2764 3103 2844 appellationis
3129 2765 3521 2844 impetratas

1054 2859 1143 2919 ad
1182 2861 1571 2940 episcopum.
1654 2862 1801 2921 Act.
1844 2864 1909 2922 in
1967 2862 2142 2922 curia
2198 2861 2374 2921 Vult.
2421 2862 2728 2922 comunis,
2817 2861 3115 2923 Rolando
3155 2861 3262 2940 qd.
3304 2861 3520 2925 Torti.

1058 2957 1451 3018 Bontalento
1508 2965 1643 3019 not.
1700 2957 1809 3036 qd.
1866 2957 2201 3019 Leonardi.
2260 2957 2544 3022 Gerardo
2601 2957 2909 3022 Cabbiolo
2967 2965 3046 3020 tt.
3147 2959 3400 3020 Soricus
3457 2979 3516 3020 s,

1054 3055 1206 3133 imp.
1254 3059 1387 3113 not.

1378 3153 1641 3214 rnorem
1686 3153 1839 3214 Ast.
1888 3153 2082 3230 (νοιι.
2126 3154 2288 3216 1226
2331 3155 2452 3216 m
2493 3155 2591 3228 13,
2637 3175 2700 3215 n.
2747 3155 2892 3234 254)
2937 3155 3107 3232 orca.

1056 3349 1195 3409 433.
2753 3347 2930 3422 Rom,
2975 3349 3058 3409 18
3101 3349 3288 3426 April
3327 3348 3520 3411 1227.

1178 3445 1623 3525 Gregorius
1686 3446 1797 3507 IX
1840 3448 2036 3524 priori
2077 3465 2125 3506 s.
2173 3447 2434 3508 Martini
2481 3449 2548 3507 in
2591 3446 3072 3527 Guatholungo,
3131 3446 3314 3510 Gallo
3367 3467 3522 3509 can.

1060 3543 1185 3604 Pis.
1232 3549 1297 3603 et
1341 3546 1582 3620 (Corso)
1628 3545 1954 3623 preposito
1993 3543 2074 3603 de
2115 3543 2438 3622 Pecciolfi)
2471 3544 2648 3605 Vult.
2677 3543 2842 3605 dioc.
2928 3543 3360 3622 (Meliorellus)
3392 3545 3520 3606 Po-

1060 3645 1279 3714 testas,
1313 3639 1524 3712 iudex,
1553 3640 1895 3703 consiliarii
1939 3641 2117 3701 Vult.
2161 3643 2476 3719 petitione
2518 3647 2984 3714 monstrarunt,
3017 3641 3212 3722 quod,
3241 3661 3387 3702 cum
3429 3643 3522 3705 V.

1058 3737 1267 3817 presb.
1313 3759 1361 3797 s,
1394 3739 1569 3800 Petri
1608 3738 1689 3799 de
1730 3739 2074 3819 UlignanO,
2117 3739 2337 3801 dicens
2363 3739 2621 3800 eosdem
2651 3739 3031 3802 invadentes
3069 3739 3194 3800 sibi
3225 3739 3521 3820 dampna

1056 3837 1385 3915 irrogasse,
1431 3841 1657 3897 contra
1698 3855 1804 3896 eos
1848 3837 1934 3896 ad
1983 3837 2324 3898 archidiac.
2383 3837 2530 3897 Sen.
2557 3840 2604 3914 ⁸)
2661 3854 2940 3915 suosque
2992 3835 3356 3898 coniudices
3408 3837 3520 3898 lit-

1059 3939 1229 3996 teras
1272 3955 1375 4013 ap.
1420 3935 1845 4013 impetrasset,
1877 3934 2068 4004 idem,
2101 3935 2186 3994 ad
2213 3935 2422 3996 locum
2456 3953 2581 3995 non
2615 3939 2832 3996 tutum
2863 3935 3048 3995 citati
3075 3953 3294 3996 securo
3322 3935 3517 3996 dene-

1058 4039 1233 4110 gate,
1278 4030 1493 4091 sedem
1536 4052 1638 4111 ap.
1686 4029 2112 4112 appellarunt.
2165 4031 2456 4104 Mandat,
2501 4037 2842 4110 quatenus,
2888 4032 2944 4091 si
2983 4037 3084 4091 est
3123 4031 3238 4103 ita,
3295 4049 3514 4108 proce·

1058 4129 1239 4200 dant,
1285 4127 1567 4208 alioquin
1610 4135 1825 4207 partes
1867 4129 1952 4190 ad
1997 4129 2204 4189 dictos
2247 4129 2488 4190 iudices
2531 4127 2896 4200 remittant,
2927 4125 3406 4208 appellantibus
3449 4128 3518 4187 in

1204 4382 1245 4446 ¹)
1280 4381 1540 4432 Sinibald
1573 4383 1793 4434 Fiesolu'
1829 4384 1962 4444 Graj
1998 4399 2102 4434 von
2135 4383 2417 4446 Damna,
2455 4381 2538 4433 alo
2573 4381 2806 4434 auditor
2842 4379 3331 4432 contradictarum
3369 4382 3510 4432 1226

1058 4471 1351 4522 November
1388 4473 1619 4524 14-1227
1657 4472 1807 4522 Jum‘
1842 4473 1929 4535 (P.
1975 4474 2321 4534 7610-7951),
2359 4471 2442 4520 alo
2489 4469 2830 4522 Vama-,amtor
2854 4471 2995 4521 1227
3019 4468 3151 4520 Julo·
3181 4469 3516 4533 nsquam-

1057 4562 1145 4610 δον
1194 4563 1259 4612 23
1312 4562 1401 4624 (Ρ.
1446 4565 1772 4625 7977-8026)
1822 4561 2202 4620 nachweiobar,
2254 4562 2332 4612 im
2365 4560 2670 4624 September
2721 4561 2888 4621 (scine
2942 4557 3299 4620 Umeroohn'ft
3344 4566 3515 4608 suerat

1060 4651 1127 4700 23
1154 4650 1475 4714 September)
1504 4649 2046 4714 Kardinabpmbyter
2081 4667 2122 4702 ο.
2163 4649 2449 4700 Laurentii
2485 4649 2548 4700 in
2571 4649 2786 4700 Lucina
2813 4649 2898 4710 (P.
2930 4649 3110 4712 8039).
3185 4647 3290 4698 Alo
3326 4647 3520 4698 Kono-

1058 4739 1214 4790 m’ker
1264 4755 1370 4790 von
1416 4741 1623 4790 Parma
1658 4739 1797 4790 auch
1832 4757 1938 4790 von
1971 4739 2274 4792 Salimbenc
2315 4739 2491 4802 (Mon.
2531 4739 2650 4790 hist.
2685 4739 2871 4790 Parm.
2909 4739 3017 4788 III
3053 4753 3109 4802 p.
3140 4739 3230 4801 59)
3263 4737 3521 4791 annunt.

1060 4830 1102 4892 ⁹)
1140 4827 1330 4878 Dicaea
1366 4827 1721 4890 Schriflstilck
1761 4829 1829 4878 ist
1864 4827 2014 4880 nieht
2050 4827 2294 4878 erhalsen.
2443 4825 2486 4890 ⁸)
2523 4827 2850 4878 Mai-tinum.
