3817 5642
840 565 1219 619 REGESTU
1222 565 1285 618 M
1322 565 1482 618 VOL
1486 566 1761 618 ATERR
1771 567 1881 619 AN
1886 567 1944 620 U
1946 567 2007 620 M
2137 617 2142 626 ,
2550 568 2653 621 165

190 758 409 820 adhuc
450 759 895 838 episcopatum
936 759 1243 820 invadere
1284 761 1628 832 minentur,
1673 761 1755 820 de
1798 761 2063 822 consilio
2089 761 2366 822 fratrum
2395 763 2652 822 eos.e'x'-

188 859 759 928 communicamus,
802 859 1001 917 etiam
1040 858 1433 918 auctoritate
1474 876 1643 936 pape
1684 865 1751 924 et
1792 860 1930 918 eius
1967 859 2178 938 legati,
2210 859 2384 936 quod
2413 857 2654 920 clericis

187 956 389 1015 castri
410 953 749 1016 collectam
768 960 1197 1015 extorserunt.
1222 954 1635 1016 Absolvimus
1657 974 1878 1017 omnes
1899 976 1943 1015 a
1963 957 2339 1017 iuramentis
2361 959 2653 1028 extortis,

190 1056 407 1112 cartas
446 1049 599 1113 inde
642 1053 849 1114 factas
890 1071 1217 1113 cassamus
1260 1059 1326 1112 et·
1368 1052 1764 1114 feudatarios
1792 1054 1943 1113 eccl.
1976 1051 2175 1126 Vult„
2207 1055 2320 1132 qui
2355 1054 2446 1114 eis
2472 1056 2655 1115 auxi-

194 1147 346 1208 lium
392 1147 809 1226 prebuerunt,
852 1151 987 1210 iure
1028 1149 1207 1211 feudi
1248 1150 1599 1228 privamus,
1688 1153 1830 1212 Lat.
1876 1152 1949 1210 in
1985 1151 2135 1211 eccl.
2180 1149 2356 1211 Vult.
2408 1152 2651 1212 maiori.

194 1247 569 1327 Mangiante
629 1246 713 1308 de
773 1247 1163 1308 Pannochia.
1229 1247 1565 1310 Bonifatio
1625 1247 1707 1308 de
1778 1248 2198 1310 Podiobonizi
2267 1247 2372 1326 qd.
2439 1247 2654 1308 Fiara·

192 1344 392 1406 ducti.
440 1345 758 1408 Vesconte
798 1345 878 1406 de
920 1343 1341 1406 Podiobonizi
1383 1343 1491 1424 qd.
1540 1345 1905 1422 Rugerocti.
1933 1345 2332 1424 Begnamino
2355 1346 2436 1407 de
2464 1345 2650 1407 Gros-

191 1447 353 1502 seto.
398 1441 848 1504 Ildibrandino
889 1440 969 1502 de
1024 1441 1263 1506 Sancto
1318 1443 1595 1505 Miniato
1649 1442 1988 1504 scrutifero
2017 1446 2060 1518 ¹)
2107 1443 2370 1504 Rodulfi
2425 1444 2654 1505 iudicis

190 1541 485 1600 comunis
524 1539 702 1603 Vult.
748 1540 1033 1602 Fidanza
1073 1540 1300 1602 clerico
1342 1546 1410 1600 et
1452 1552 1615 1612 not„
1659 1541 1801 1601 aliis
1844 1547 1928 1603 tt.
1972 1542 2338 1620 specialiter
2378 1543 2651 1603 vocatis.

190 1635 629 1700 Bontalentus
669 1645 803 1701 not.

522 1735 681 1797 Volt.
726 1737 965 1798 AVaec.
1009 1757 1059 1798 ⁸.
1108 1736 1293 1797 XIII
1337 1736 1458 1796 dec.
1504 1735 1545 1795 3
1584 1757 1645 1797 π.
1690 1736 1770 1797 26
1811 1735 1982 1814 On‘q.

184 2032 327 2090 468.
1450 2029 1669 2091 Monte
1717 2029 2015 2108 Voltra7'0,
2061 2029 2142 2090 25
2185 2030 2436 2107 Auquet
2473 2029 2642 2092 1229

137 2135 167 2144 “
305 2125 841 2198 MCCXXVIIIL
886 2128 1019 2189 ind.
1064 2127 1154 2200 ΙΙ,
1199 2127 1367 2188 VIII
1408 2127 1535 2188 kal.
1580 2137 1747 2207 sept.
1834 2126 2242 2188 Bonacursus
2285 2127 2392 2207 qd.
2439 2126 2648 2189 Bona-

181 2225 383 2304 guide
426 2222 641 2284 Vult.
686 2225 865 2296 civiti,
910 2226 1219 2286 nunctius
1256 2229 1327 2284 et
1366 2224 1683 2285 castaldio
1724 2224 2090 2302 potestatis,
2119 2224 2374 2285 litteras
2401 2224 2651 2286 clausas

180 2329 323 2386 tam
372 2343 451 2384 ex
494 2330 681 2402 parte
722 2323 1007 2384 Rainerii
1062 2321 1240 2384 card.
1264 2325 1311 2399 ²)
1354 2341 1553 2402 quam
1608 2322 1871 2383 abbatis
1894 2326 1941 2398 ⁸)
1983 2341 2031 2382 s.
2092 2321 2365 2403 Galgani
2419 2342 2648 2402 prepo-

180 2424 310 2484 sito
358 2422 605 2484 Montis
642 2421 1007 2497 Vult(rarii)
1050 2421 1487 2500 presentavit;
1542 2422 1611 2482 in
1652 2421 1885 2481 litteris
1939 2419 2112 2481 card.
2172 2419 2649 2494 continebatur,

176 2521 364 2600 quod
404 2521 775 2600 prepositus
813 2517 1076 2580 deberet
1118 2537 1185 2578 se
1224 2525 1664 2596 representare
1702 2525 1853 2599 post
1894 2519 2329 2597 receptionem
2369 2519 2458 2579 ad
2483 2519 2650 2581 VIII

178 2619 323 2680 dies
362 2637 583 2679 coram
627 2617 821 2688 card„
867 2615 1161 2678 facturus
1200 2617 1519 2678 rationem
1562 2615 1985 2678 Vulterranjs.
2071 2616 2216 2677 Act.
2259 2615 2472 2678 Menti
2497 2616 2649 2678 Vul-

178 2717 442 2792 t(rario)
504 2717 577 2778 in
636 2733 893 2776 camera
952 2714 1284 2792 prepositi.
1400 2713 1615 2774 Presb.
1680 2713 1928 2774 Meliori
1978 2718 2048 2773 et
2109 2714 2550 2776 Riccomanno
2602 2713 2650 2776 f.

178 2813 439 2875 Cambii
478 2813 804 2874 canonicis
846 2811 998 2872 eccl.
1040 2809 1283 2871 Iacobo
1322 2811 1649 2872 Mainecti.
1692 2809 2154 2872 Bonaventure
2177 2809 2540 2872 Trinchetti
2567 2815 2650 2872 tt.

174 2909 464 2974 Duodus
502 2911 658 2988 imp.
702 2915 875 2968 auct.
920 2913 1059 2970 not.
2541 2918 2548 2926 ·

513 3007 773 3068 Florenz
813 3005 964 3066 Ast.
1014 3005 1199 3081 (Vols.
1243 3025 1308 3067 n.
1352 3005 1497 3084 306)
1542 3006 1711 3082 Oriq.

170 3304 323 3364 469.
1793 3303 1951 3375 (Vor
1993 3303 2030 3362 4
2073 3301 2328 3363 Oktober
2367 3302 2554 3379 1229)
2583 3307 2648 3380 ⁴).

300 3401 695 3478 P(agano)
740 3397 920 3460 Vult.
965 3418 1063 3478 ep.
1109 3397 1451 3459 Rainerius
1491 3417 1541 3457 s.
1584 3397 1785 3458 Marie
1825 3399 1895 3459 in
1923 3399 2248 3461 Cosmidin
2276 3399 2442 3460 diac.
2473 3403 2649 3463 card.

172 3499 347 3560 Cum
390 3515 655 3558 causam
698 3515 887 3574 super
928 3495 1593 3557 excommunicatione
1632 3501 1702 3555 et
1742 3496 2092 3558 interdicto
2129 3495 2282 3558 latis
2320 3518 2435 3578 per
2462 3517 2649 3577 quos·

172 3597 335 3658 dam
378 3594 625 3655 iudices
667 3613 707 3654 a
747 3593 897 3655 sede
939 3611 1043 3672 ap.
1085 3591 1417 3672 delegatos
1456 3596 1687 3654 contra
1711 3600 2130 3671 potestatem,
2161 3594 2516 3668 consilium,
2547 3617 2650 3659 co·

174 3713 387 3757 mune
426 3690 605 3754 Vult.
641 3711 768 3772 ‚pro
807 3691 1140 3771 preposito
1178 3695 1251 3752 et
1288 3689 1575 3769 capitulo
1602 3691 1843 3752 Montis
1869 3693 2236 3769 Vult(rarii)
2264 3693 2451 3755 nobis
2475 3713 2650 3776 papa

172 3791 603 3862 commiserit,
648 3791 1000 3852 terminum
1042 3793 1483 3850 statueramus
1522 3789 1839 3868 partibus.
1897 3787 2159 3850 Sindico
2213 3791 2456 3853 Montis
2497 3792 2650 3853 Vul-

176 3889 426 3967 urarii)
470 3887 890 3966 comparenti,
934 3886 1141 3946 altera
1182 3891 1367 3964 parte
1408 3884 1694 3960 absente,
1740 3887 2067 3949 licentiam
2111 3887 2406 3949 dedimus
2447 3889 2652 3952 redire

174 3987 263 4049 ad
308 3984 718 4067 prepositum
762 3983 1146 4064 eligendum.
1192 3983 1353 4044 Cum
1394 3989 1627 4062 postea
1665 4003 1815 4063 pars
1870 3985 2074 4046 altera
2127 3987 2341 4064 sepius
2393 4006 2652 4067 compa·

174 4089 377 4152 reret,
422 4081 830 4144 mandamus.
874 4085 1215 4158 quatenus,
1262 4083 1315 4141 si
1358 4082 1729 4142 constiterit
1778 4084 2134 4143 sententias
2189 4084 2274 4144 ob
2315 4089 2648 4145 contuma-

174 4183 355 4242 ciam
402 4177 707 4256 prolatas,
750 4178 1072 4248 relaxetis,
1102 4177 1471 4258 prefigendo
1514 4175 1809 4255 partibus
1852 4177 1978 4240 XV
2019 4179 2269 4240 dierum
2302 4183 2650 4241 terminum

174 4277 263 4339 ad
307 4273 894 4354 representandum
938 4294 1007 4336 se
1048 4275 1253 4336 nobis.

511 4373 721 4434 Insa-t
758 4373 831 4434 in
872 4392 937 4432 π.
984 4372 1119 4433 470.

324 4677 371 4742 ¹)
398 4675 502 4736 βο.
686 4679 733 4740 ’·”)
770 4689 816 4725 s.
856 4674 1075 4726 Nicolai
1111 4675 1171 4724 in
1209 4677 1439 4728 Camere
1476 4675 1735 4728 Tulliano
1772 4678 1916 4728 diac.
1957 4679 2110 4731 eard.
2182 4715 2188 4722 ·
2277 4681 2322 4746 ³)
2365 4682 2648 4732 Iohannis.

174 4769 221 4834 ⁶)
262 4765 503 4816 Damale
537 4765 707 4816 mitte
741 4767 835 4814 der
870 4765 1157 4816 Kardinal.
1182 4765 1318 4817 wohl
1352 4781 1429 4816 cm
1466 4767 1556 4817 der
1584 4767 1763 4817 Kurie
1788 4769 1851 4816 in
1876 4769 2133 4831 Per-uqia.
