3817 5642
1036 595 1142 652 174
1676 593 2126 650 REGESTUM
2163 591 2327 648 VOL
2335 589 2858 648 ATERRANUM

1032 793 1225 850 ciam.
1285 791 1458 864 Quas
1500 791 1553 850 si
1596 809 1725 850 non
1766 789 2010 855 reddet,
2067 786 2342 848 Ballioni
2395 805 2707 866 expensas
2765 785 3060 847 resarciet
3119 791 3188 845 et
3243 803 3488 866 penam,

1034 908 1160 968 que
1202 888 1391 948 hodie
1433 888 1645 948 excisa.
1688 897 1789 946 est
1832 904 1980 948 cum
2021 892 2208 964 parte
2249 891 2447 956 carte,
2491 884 2718 945 solvet.
2808 883 2952 942 Act.
3003 884 3070 943 in
3125 902 3378 944 cassato
3417 883 3494 942 de

1037 985 1415 1064 Berignone.
1498 983 1720 1045 Presb.
1780 985 2062 1046 Martino
2117 981 2451 1060 capellano
2505 1001 2606 1060 ep.
2651 981 2934 1042 Martino
2987 980 3223 1042 Ciucci.
3270 979 3492 1041 Iohan-

1032 1089 1226 1143 necto
1279 1083 1630 1142 camerario
1686 1088 1766 1141 tt.
1895 1079 2272 1142 Bonffliolus
2334 1079 2442 1158 qd.
2503 1078 2866 1140 Trinchetti
2926 1077 3010 1140 de
3073 1079 3294 1139 Monte
3347 1078 3492 1139 vu]-

1032 1185 1205 1238 “⁰¹¹0
1246 1185 1520 1337 netisolt.
1568 1277 1807 1338 AVesc.
1856 1276 2028 1354 App.
2064 1273 2372 1354 nd.-Paq.
2407 1273 2714 1336 coll'anno
2741 1293 2804 1334 π.
2835 1275 2876 1334 5
2899 1274 3072 1352 Oriy.
3108 1271 3323 1350 (durch
3345 1273 3495 1334 Ein-

1358 1373 1615 1435 echm‘tte
1655 1373 1950 1452 unqv‘lltiy
1996 1371 2312 1451 qemacht).

1034 1567 1177 1629 495.
2575 1567 2857 1644 Αηαρηί,
2903 1567 2986 1628 30
3021 1567 3282 1630 Januar
3322 1567 3492 1629 1233.

1162 1665 1608 1746 Gregorius
1666 1665 1779 1726 IX
1844 1665 2066 1727 abbati
2133 1687 2182 1724 s,
2243 1665 2408 1727 Iusti
2465 1665 2641 1726 Vult.
2775 1665 2956 1726 Prior
3015 1673 3085 1726 et
3143 1665 3494 1744 capitulum

1040 1783 1091 1825 e.
1136 1763 1311 1825 Petri
1354 1765 1610 1826 maioris
1653 1763 1807 1824 Luc.
1860 1766 2196 1843 conquesti
2251 1773 2422 1836 eunt,
2469 1764 2646 1842 quod
2702 1763 2904 1824 abbas
2959 1763 3040 1825 de
3095 1763 3498 1844 Centignano

1035 1859 1328 1922 Camald.
1372 1861 1533 1934 ord.,
1579 1859 1650 1921 V.
1712 1860 1912 1932 milen,
1971 1862 2070 1932 Β.,
2115 1862 2222 1922 alii
2277 1863 2622 1922 civitatum
2679 1866 2744 1921 et
2801 1861 2964 1922 dioc.
3017 1860 3170 1921 Luc.
3215 1867 3284 1922 et
3326 1861 3494 1923 Vult.

1038 1977 1231 2037 super
1251 1957 1626 2037 hospitalis.
1656 1957 1853 2032 Petri,
1884 1961 2090 2022 terris,
2122 1958 2479 2021 redditibus
2507 1959 2894 2020 iniurientur
2921 1959 3179 2020 eisdem.
3211 1960 3496 2030 Mandat,

1036 2061 1361 2134 quatenus
1402 2075 1663 2116 causam
1706 2055 1932 2116 audiat
1989 2063 2052 2116 et
2109 2055 2387 2118 decidat.
2493 2055 2726 2116 «Prior
2763 2062 2830 2116 et
2853 2079 2898 2116 ι).
2999 2057 3152 2118 Dat.
3211 2057 3496 2136 Anagnie

1041 2153 1145 2215 ΙΙΙ
1188 2153 1314 2216 kal.
1357 2153 1510 2227 feb„
1554 2159 1732 2234 pont.
1776 2153 1887 2215 VI.

1360 2249 1619 2312 Florem
1662 2250 1815 2312 Ast.
1862 2249 2051 2328 (Vale.
2099 2271 2160 2310 n.
2205 2251 2350 2326 335)
2395 2250 2568 2329 Θήῃ.
2615 2249 2828 2328 (Bulla
2853 2271 2939 2312 cm
2965 2251 3418 2330 Hansschnur).

1037 2447 1181 2506 496.
2675 2446 2966 2520 Volterra,
3012 2447 3054 2508 6
3091 2447 3281 2508 Mc'irz
3319 2447 3490 2508 1233.

1166 2543 1627 2616 MGCXXXIL
1675 2542 1740 2604 II
1784 2563 1931 2604 non.
1979 2551 2190 2617 mart„
2233 2545 2362 2604 ind.
2409 2543 2522 2605 v1.
2607 2545 2906 2607 Corsinus
2961 2543 3042 2607 de
3097 2545 3494 2625 Gangalandi

1041 2647 1330 2720 potestas
1372 2643 1549 2702 Vult.
1592 2641 1671 2702 de
1714 2661 2028 2702 consensu
2069 2643 2572 2704 consiliariorum
2596 2643 2797 2704 v1111
2825 2663 3086 2704 auorum
3115 2651 3184 2705 et·
3212 2646 3492 2706 comunis

1038 2737 1379 2798 constituit
1422 2739 1831 2800 vincentium
1876 2745 2012 2798 not.
2045 2737 2153 2818 qd.
2187 2737 2624 2800 Ildebrandini
2653 2760 2868 2802 coram
2898 2740 3086 2802 Oddo
3113 2741 3288 2801 card.
3311 2745 3354 2819 ¹)
3385 2761 3492 2820 pro

1036 2855 1236 2896 causa
1278 2835 1445 2896 inter
1487 2855 1755 2896 comune
1798 2843 1863 2896 et
1892 2835 2390 2915 Pag(anum)
2423 2835 2598 2897 Vult.
2629 2857 2730 2917 ep.
2769 2847 3268 2917 procuratorem.
3355 2841 3488 2900 Act.

1042 2933 1219 2994 Vult.
1264 2935 1328 2994 in
1370 2933 1565 2994 domo
1620 2935 2037 3012 Bomparcnti
2096 2935 2205 3014 qd.
2267 2934 2612 2996 Bonefidei.
2715 2936 2948 2997 Maffeo
3003 2935 3345 2996 Malfaeino
3388 2935 3488 3015 qd.

1041 3031 1363 3091 Iohannis
1410 3032 1763 3092 Affricante
1804 3031 1848 3092 f.
1896 3031 2212 3092 Deotifeci
2255 3039 2335 3091 tt.
2423 3033 2791 3094 Bembonus
2833 3033 3020 3094 Fred.
3065 3035 3216 3112 imp.
3263 3041 3395 3094 not.

1362 3127 1627 3188 Florem
1669 3127 1819 3188 ASt.
1867 3127 2056 3202 (Volt.
2102 3128 2264 3190 1232
2305 3129 2424 3189 III
2468 3129 2525 3202 6,
2571 3150 2629 3190 n.
2675 3129 2820 3206 321)
2863 3129 3034 3208 Θήρ.

1039 3323 1179 3383 497.
2743 3323 2958 3396 Siena,
3003 3323 3084 3383 15
3125 3323 3274 3385 Mai
3315 3323 3486 3386 1233.

1166 3421 1439 3482 Parente
1476 3421 1579 3500 qd.
1612 3419 2002 3480 Lanfranchi
2033 3427 2411 3498 procurator
2439 3421 2762 3483 Corsini
2793 3421 3005 3483 Vult.
3040 3424 3490 3500 potestatis

1040 3521 1437 3579 renuntiavit
1496 3517 1859 3578 Guillielmo
1915 3519 2204 3594 Amati‘·)
2263 3519 2402 3580 Seu.
2457 3521 2770 3598 potestati
2827 3519 2906 3580 de
2959 3541 3092 3582 non
3147 3519 3490 3580 securando

1038 3615 1350 3678 Senenses
1390 3615 1601 3677 eundo
1644 3633 1755 3694 per
1796 3615 1974 3676 Vult.
2021 3635 2130 3676 seu
2173 3616 2540 3678 districtum
2583 3616 2667 3677 ab
2713 3618 2899 3678 hodie
2945 3618 3112 3678 ultra
3141 3618 3209 3679 11
3253 3635 3493 3678 menses

1042 3715 1391 3774 secundum
1432 3713 1936 3774 instrumentum
1994 3715 2432 3775 Bai-tholomei
2487 3721 2618 3775 not.
2713 3715 2892 3776 Fact.
2952 3716 3131 3776 Senis
3185 3717 3252 3774 in
3305 3715 3493 3774 domo

1040 3811 1309 3873 Oriundi
1351 3819 1419 3872 et
1459 3810 1743 3890 Gregorii
1787 3811 1894 3889 qd.
1943 3811 2254 3872 Guidonis
2295 3832 2466 3873 nunc
2509 3813 2684 3873 curia
2729 3815 3091 3891 potestatis,
3179 3812 3494 3874 Anibaido

1043 3909 1244 3968 milite
1287 3910 1435 3968 eius.
1481 3907 1693 3968 Guido
1733 3905 1835 3968 del
1878 3907 2284 3987 camarlingo
2324 3909 2404 3968 de
2462 3911 2658 3972 Senis.
2705 3909 3148 3972 Iidibrandino
3205 3910 3306 3991 qd.
3353 3909 3492 3971 Gal-

1040 4007 1191 4086 gani
1234 4005 1313 4065 de
1350 4007 1665 4067 Monterio
1696 4013 1775 4064 tt.
1864 4005 2361 4079 MCCXXXIII,
2394 4007 2526 4068 ind.
2560 4007 2672 4080 VI,
2703 4007 2784 4069 id.
2819 4010 2963 4069 mai.
3049 4009 3495 4068 Provenzanus

1042 4124 1089 4161 s,
1136 4105 1289 4180 imp.
1332 4111 1466 4164 not.

1362 4201 1621 4262 Florem.
1664 4201 1817 4262 Ast.
1866 4201 2052 4276 (Volt.
2103 4224 2160 4260 η.
2204 4202 2349 4280 336)
2395 4203 2564 4280 Oriq.

1046 4398 1182 4458 498.
2593 4399 2869 4468 Florem,
2911 4399 2992 4459 25
3032 4401 3282 4476 Aqut
3321 4399 3492 4461 1233.

1164 4493 1533 4555 Potestates
1558 4499 1628 4554 et
1654 4492 2134 4556 ambaxiatores
2162 4498 2534 4555 comunium
2581 4495 2794 4556 Vult.
2825 4503 2894 4556 et
2921 4495 3206 4557 Sancti
3247 4495 3490 4557 Gemi-

1044 4593 1274 4651 niani
1316 4593 1890 4670 compromiserunt
1935 4594 2002 4652 in
2043 4599 2436 4670 potestatem
2481 4593 2643 4652 Flor.
2690 4594 2770 4653 de
2813 4593 2922 4654 lite
2965 4595 3292 4654 mensione
3321 4595 3492 4654 novi·

1200 4798 1237 4862 ¹)
1277 4796 1490 4847 Ottone
1525 4795 1779 4848 Candido
1817 4811 1858 4845 s.
1898 4797 2118 4850 Nicolai
2155 4800 2213 4848 in
2250 4800 2415 4857 Caro..
2431 4797 2572 4851 Tun.
2599 4800 2742 4850 diac.
2771 4801 2921 4850 card.
2999 4801 3041 4860 ⁵)
3065 4801 3187 4850 Aue
3221 4801 3489 4852 omnem.
