3817 5642
753 584 1074 640 REGEST
1083 586 1200 640 ΠΜ
1237 586 1927 642 VOLATERRANUM
2466 589 2571 642 307

109 780 354 840 vatoris
397 780 478 841 de
520 780 913 843 Camaldulis
969 782 1051 843 de
1105 781 1448 855 Florentia,
1493 783 1605 861 qui
1659 782 1850 862 elegit
1891 784 2244 845 Accursum
2300 785 2571 863 priorem

109 896 276 937 mon.
325 896 374 937 s,
420 877 796 957 Petrignani
835 879 918 940 de
962 878 1371 940 Faracciano.
1456 880 1602 940 Act.
1649 881 1718 940 in
1759 900 1906 941 coro
1959 881 2106 941 eccl.
2149 902 2197 941 e.
2243 881 2576 942 Benedicti

109 974 265 1035 dicti
313 995 482 1036 mon.
567 976 918 1037 Caruccino
961 978 1288 1055 preposito
1317 977 1653 1040 Casulan0.
1682 978 1974 1057 Ardingo
2003 979 2213 1039 iudice
2241 980 2348 1057 qd.
2384 978 2573 1040 Gulli.

109 1072 304 1133 Nerio
334 1073 416 1133 de
444 1072 925 1135 Citinavecchia
951 1077 993 1151 Ι)
1024 1081 1092 1135 et
1119 1074 1554 1136 Ubertinuczo
1581 1074 1662 1136 de
1691 1075 2026 1137 Ubertinis
2052 1076 2097 1136 f.
2126 1076 2467 1137 Guinielmi
2494 1083 2571 1137 tt.

111 1171 438 1232 Iohannes
480 1170 584 1249 qd.
630 1171 825 1234 Iunte
866 1172 947 1232 de
988 1172 1164 1233 Vult.
1209 1178 1341 1233 not.

445 1269 605 1331 Vozt.
651 1269 892 1330 AVesc.
925 1290 975 1330 ,3.
1009 1270 1200 1330 XIII
1227 1270 1349 1331 dec.
1394 1271 1435 1330 9
1459 1290 1525 1332 π.
1558 1272 1638 1332 23
1666 1272 1839 1348 Oriy.
1871 1271 2053 1332 Liber
2082 1274 2323 1333 iuriam
2350 1274 2446 1334 10'
2472 1276 2574 1336 cit.

115 1466 248 1523 912.
1544 1465 1837 1539 νοῑιεννα,
1882 1467 1965 1527 23
2003 1468 2357 1543 September
2394 1468 2576 1529 1284.

229 1559 824 1631 MOCLXXXIIIL
855 1562 989 1621 ind.
1022 1561 1214 1633 XIII,
1253 1562 1356 1621 die
1399 1560 1641 1621 XXIII
1683 1563 2315 1641 sept.Car1-ueinus
2353 1584 2576 1644 prepo-

113 1662 274 1719 situs
317 1658 680 1719 Casulensis
733 1667 800 1719 et
843 1659 1065 1719 Pierus
1119 1658 1474 1719 monachus
1527 1679 1576 1719 s,
1618 1658 1789 1720 Iusti
1843 1680 1991 1721 cum
2049 1662 2330 1723 Accurso
2384 1664 2581 1741 priori

114 1778 282 1817 mon.
327 1776 380 1815 s,
427 1756 796 1833 Petrignani
836 1757 1098 1817 decreta
1135 1777 1245 1818 sue
1287 1756 1614 1819 electionis
1653 1757 1834 1819 facta
1871 1778 1987 1837 per
2016 1779 2245 1820 manue
2273 1759 2581 1821 Iohannis

113 1866 244 1915 not.
290 1860 360 1915 et
403 1853 598 1916 Bindi
640 1854 684 1915 f.
730 1854 972 1915 Poeche
1001 1855 1332 1916 familiaris
1359 1875 1456 1934 ep.
1479 1860 1944 1932 presentarent,
1976 1859 2225 1936 accepit
2252 1864 2320 1917 et
2346 1859 2411 1917 in
2440 1878 2577 1937 pre-

115 1954 324 2014 sentia
365 1951 690 2013 Garrucini
733 1960 801 2013 et
843 1952 1051 2030 Arrigi
1093 1952 1368 2025 abbatie,
1413 1954 1528 2031 qui
1567 1953 1652 2013 ad
1693 1953 1813 2015 hoc
1869 1951 2143 2032 speciale
2197 1955 2579 2015 mandatum

115 2051 316 2111 habet
359 2070 402 2111 a
443 2048 806 2111 Gerardo
835 2052 1044 2128 priore
1084 2050 1557 2112 camaldulensi
1584 2055 1652 2111 et
1679 2052 1883 2112 totius
1913 2051 2046 2111 ord.
2078 2050 2253 2113 Cam.
2286 2051 2579 2131 generali,

116 2150 346 2208 datum
391 2147 594 2207 Aretii
638 2145 813 2207 XIII
857 2146 980 2207 kal.
1027 2155 1185 2225 sept.
1214 2148 1281 2223 ²),
1325 2150 1518 2226 petiit
1558 2147 1643 2208 ab
1683 2149 1790 2219 eie,
1821 2154 1898 2208 ut
1927 2148 2361 2221 confirmetu13
2405 2150 2581 2227 quod

115 2245 412 2305 fecerunt
453 2250 678 2303 euntes
719 2244 802 2303 de
843 2244 1127 2320 capitulo
1170 2262 1342 2305 mon.
1387 2263 1434 2305 e.
1478 2244 1666 2317 Iusti,
1712 2244 1825 2304 ubi
1865 2263 1940 2304 ea
1969 2244 2147 2305 facta
2174 2250 2347 2317 sunt,
2378 2246 2446 2305 in
2480 2264 2581 2305 co-

117 2363 274 2402 rum.
365 2342 508 2402 Act.
551 2344 616 2402 in
659 2341 1056 2420 appendiciis
1099 2342 1384 2402 civitatis
1425 2340 1602 2401 Vult.
1647 2342 1824 2422 apud
1865 2361 2036 2404 mon.
2068 2362 2113 2403 s.
2146 2343 2315 2403 Iusti
2339 2344 2407 2405 in
2434 2362 2583 2405 coro

117 2450 180 2501 et
221 2442 528 2520 capitulo.
615 2440 876 2501 Matheo
917 2446 1052 2500 not.
1101 2440 1205 2519 qd.
1253 2440 1537 2501 Danielis
1579 2447 1645 2500 et
1689 2440 1913 2502 Gratia
1946 2441 2047 2521 qd.
2080 2441 2273 2501 Iunte
2316 2446 2394 2501 tt.
2478 2441 2580 2502 Io-

118 2540 365 2601 hannes
407 2540 512 2617 qd.
557 2538 752 2598 Iunte
790 2538 873 2598 de
913 2536 1090 2599 Vult.
1133 2544 1270 2598 not.

451 2636 612 2699 Volt.
658 2636 901 2697 AVa-sc.
957 2654 1010 2695 8.
1054 2633 1244 2695 XIII
1285 2636 1408 2695 dec.
1454 2635 1494 2696 9
1547 2656 1610 2695 n.
1655 2636 1736 2697 23
1761 2636 1806 2713 ⁸)
1871 2636 2045 2712 Θήρ.
2104 2636 2289 2697 Liber
2343 2637 2583 2697 iuriam

443 2733 526 2793 10
564 2732 665 2793 cit.

119 2932 236 2991 913
1178 2926 1644 2998 castelvecohio,
1687 2927 1769 2988 16
1810 2928 1944 2988 und
1984 2928 2065 2989 17
2110 2928 2365 2989 Oktober
2403 2928 2582 2990 1284.

237 3024 837 3097 MCCLXXXIIIL
871 3026 998 3086 ind.
1031 3024 1187 3097 XII,
1219 3031 1343 3085 oct.
1368 3024 1546 3086 XVI.
1620 3026 1778 3087 Cum
1809 3025 2258 3088 Rainerius
2286 3046 2382 3105 ep.
2406 3026 2581 3090 Vult.

117 3127 412 3188 homines
454 3124 536 3185 de
576 3124 1008 3184 Caetroveteri
1033 3126 1080 3197 ⁴)
1125 3122 1296 3182 curie
1338 3121 1561 3183 Sancti
1603 3122 1964 3184 Geminiani
2005 3123 2183 3185 Vult.
2240 3124 2426 3195 dioc„
2475 3124 2581 3185 de-

117 3228 410 3285 tentores
448 3220 674 3292 foderi,
718 3221 1338 3282 excommunicasset
1379 3217 1719 3298 locumque
1754 3220 2101 3281 interdicto
2127 3220 2583 3299 subposuisset,

117 3321 514 3401 Righectum
544 3318 650 3397 qd.
694 3316 1168 3379 Aldobrandini
1191 3322 1264 3378 et
1291 3316 1540 3378 Minum
1571 3319 1674 3397 qd.
1706 3317 2027 3395 Ricuperi,
2068 3318 2358 3379 volentes
2390 3318 2589 3379 saluti

117 3421 489 3480 animarum
551 3413 886 3494 providere
950 3419 1018 3474 et
1079 3413 1354 3487 fodrum,
1419 3414 1662 3475 scilicet
1721 3414 1952 3476 XXVI
2015 3415 2165 3477 den.
2233 3433 2347 3494 pro
2407 3415 2583 3476 focu-

115 3517 250 3578 lari.
298 3514 678 3594 permutem,
724 3510 972 3574 Bindus
1015 3512 1190 3590 prior
1226 3514 1536 3573 canonice
1582 3515 1776 3573 castri
1833 3512 2093 3573 licentia
2146 3533 2242 3591 ep.
2286 3512 2583 3574 absolvit.

118 3614 324 3677 XVII
366 3618 490 3675 oct.
580 3610 874 3672 Buce-llus
919 3610 1024 3688 qd.
1070 3610 1392 3687 Ricuperi,
1450 3609 1824 3673 Albertesca
1879 3631 2044 3671 uxor
2098 3611 2209 3690 qd.
2277 3610 2587 3672 Ormanni

119 3718 182 3771 et
227 3710 448 3771 Denni
487 3708 597 3786 qd.
629 3708 962 3769 Dietavivi
990 3705 1430 3767 absolvuntur.
1516 3707 1662 3768 Act.
1693 3708 1760 3766 in
1789 3706 2256 3768 Castrovetero.
2334 3706 2585 3768 Branca

118 3830 254 3871 can.
302 3807 388 3868 de
428 3806 700 3869 cellulis,
745 3803 1053 3885 Riguccio
1093 3810 1160 3864 et
1201 3803 1468 3865 Aiutino
1511 3804 1614 3882 qd.
1660 3802 1925 3865 Ranerii
1951 3806 2032 3865 de
2058 3804 2363 3865 Senzano.
2393 3803 2586 3864 Nerio

121 3908 222 3986 qd.
271 3903 605 3965 Gherandi.
691 3901 848 3961 Tuti
887 3906 1022 3961 not.

455 4001 618 4065 Volt.
665 3999 906 4061 AVeec.
950 4017 998 4059 ε.
1043 3997 1232 4059 XIII
1274 3998 1395 4059 dec.
1428 3999 1467 4058 9
1494 4020 1552 4059 n.
1585 3999 1667 4060 25
1693 3999 1865 4077 Θήρ.
1895 3998 2081 4060 Diber
2108 4000 2351 4059 iuriam
2376 3999 2455 4059 11
2483 3999 2583 4060 cit.

125 4202 260 4261 914.
967 4194 1180 4264 Siena,
1225 4192 1306 4254 26
1345 4193 1478 4255 und
1517 4194 1598 4255 30
1639 4192 1915 4265 Oktoler,
1944 4194 1985 4253 3
2024 4192 2369 4255 November
2409 4193 2587 4265 1284,

241 4292 839 4363 MCCLXXXIIII,
871 4290 1001 4352 ind.
1051 4290 1240 4364 XIII,
1270 4290 1400 4351 VII
1428 4289 1551 4351 kal.
1595 4309 1743 4353 nov.
1826 4290 2203 4370 Angelerius
2239 4290 2347 4368 qd.
2379 4290 2585 4368 Ange·

271 4530 316 4593 ¹)
355 4528 430 4578 So
467 4528 568 4577 dac
607 4526 753 4589 Oriy.
903 4526 946 4590 ¹⁶⁸)
989 4528 1056 4576 20
1092 4526 1311 4587 Auyuat
1355 4526 1506 4576 1231.
1654 4524 1699 4590 ³)
1745 4524 1860 4573 Wie
1899 4540 1951 4573 n.
1995 4525 2113 4573 911.
2240 4522 2284 4589 ⁴)
2323 4524 2434 4573 Der
2467 4524 2589 4585 jetzt

123 4618 420 4667 verlaoaene
477 4616 589 4674 Ort,
645 4614 835 4664 descen
883 4614 1106 4663 Ruinen
1159 4614 1239 4662 im
1301 4612 1485 4663 Walde
1541 4612 1788 4662 versoeckt
1837 4612 1965 4661 sind
2003 4610 2159 4675 (oben
2196 4628 2249 4662 n.
2295 4613 2440 4677 711),
2479 4628 2590 4663 war

123 4708 254 4755 noch
292 4706 380 4755 bie
416 4705 510 4754 im
545 4704 694 4753 XIV
731 4703 1104 4753 Jahrhundert
1141 4702 1400 4759 bewohnt,·
1427 4718 1531 4751 aue
1567 4703 1738 4751 dieser
1762 4702 1882 4750 Zeia
1918 4707 2135 4749 etammt
2171 4701 2271 4749 dae
2296 4700 2489 4751 Froeoo
2527 4704 2591 4752 in

124 4798 212 4846 der
247 4794 429 4858 Apeie
465 4793 560 4843 der
597 4792 818 4852 Kirche,
855 4808 958 4841 von
995 4792 1114 4841 dem
1151 4791 1300 4839 hence
1339 4792 1471 4840 noch
1509 4794 1743 4854 qro'ssere
1787 4780 2059 4839 Uber-reete
2095 4788 2406 4839 vor-handen
2446 4791 2586 4841 aind-
