3817 5642
1037 552 1152 605 292
1691 550 1853 605 ΒΕΘ
1859 550 2133 604 ESTUM
2170 548 2857 604 VOLATERRANUM

2371 646 2504 653 ——...—
2681 644 2942 650 -——-——

1039 752 1106 807 et
1146 743 1232 805 ad
1272 746 1620 825 petendum
1663 744 2133 806 absolutionem
2176 744 2261 805 ab
2302 746 2965 807 excommunicatione
3014 750 3081 805 et
3134 744 3488 805 interdicto.

1041 842 1182 903 Act.
1227 842 1400 903 Vult.
1445 844 1514 904 in
1541 842 1784 919 palatio
1813 844 2119 902 comunis.
2205 840 2633 921 Singnorante
2660 841 2867 903 iudice
2894 847 2963 902 et
2989 860 3305 903 assessore
3324 841 3489 901 Vult.

1042 942 1346 1001 comunis.
1391 939 1732 1019 Frederigo
1775 946 1906 1001 not.
1952 938 1993 999 f.
2040 939 2287 1018 Dughe.
2332 939 2677 1001 Bascheria
2716 940 2965 1000 Alberti
3006 944 3083 1000 tt.
3166 938 3493 1001 Ildebran-

1047 1038 1238 1099 dinus
1281 1044 1552 1099 vocatus
1595 1038 1844 1099 Bindus
1885 1037 1991 1115 qd.
2038 1036 2359 1099 Sismondi
2402 1043 2535 1099 not.

1363 1136 1626 1197 Florem:
1669 1137 1820 1197 Ast.
1856 1135 2047 1212 (Volt.
2092 1155 2155 1198 π.
2188 1134 2373 1213 1045)
2404 1134 2577 1211 Oriq.

1046 1350 1180 1408 865.
2648 1348 2859 1421 Proto,
2904 1347 2985 1407 18
3020 1348 3282 1408 Januar
3320 1346 3495 1407 1279.

1163 1443 1481 1505 Tebaldus
1511 1464 1648 1505 om.
1681 1444 1884 1521 plebis
1926 1463 1973 1503 s.
2018 1442 2330 1522 Stephani
2370 1440 2451 1503 de
2482 1442 2695 1513 PratO,
2724 1443 3177 1523 subdelegatus
3205 1444 3499 1524 Alcampi

1041 1542 1350 1620 prepositi
1391 1541 1674 1601 eiusdem
1733 1540 1953 1618 plebis,
1998 1538 2165 1599 sedis
2219 1559 2320 1619 ap.
2382 1539 2607 1601 iudicis
2660 1540 2954 1619 delegati,
3014 1547 3078 1601 et
3132 1540 3501 1602 'tancredus

1043 1642 1216 1718 prior
1253 1660 1300 1699 s.
1345 1638 1544 1699 Maris
1584 1638 1664 1698 de
1705 1638 1981 1699 Castello
2024 1637 2251 1697 Pistor.
2296 1634 2478 1707 dioc„
2520 1636 2975 1717 subdelegatus
3018 1636 3329 1698 Ranuccii
3370 1638 3496 1715 ple-

1045 1736 1195 1797 bani
1237 1736 1436 1815 plebis
1477 1736 1688 1797 Castri
1731 1736 2079 1797 Florentini
2134 1736 2199 1797 in
2258 1752 2452 1795 causa
2506 1736 2954 1813 appellationis
3008 1736 3175 1797 inter
3230 1754 3503 1797 comune

1043 1835 1264 1895 Sancti
1305 1834 1664 1895 Geminiani
1695 1842 1760 1893 et
1805 1834 2339 1911 (Rainerium)
2384 1852 2479 1912 ep.
2514 1830 2686 1893 Vult.
2718 1850 2865 1893 cum
2892 1832 3207 1893 Panfollia
3250 1853 3391 1894 can.
3422 1834 3499 1894 de

1041 1932 1212 1993 Colle
1252 1931 1426 1994 Vult.
1472 1932 1654 2001 dioc„
1693 1932 1831 2009 ipso
1889 1929 2218 1991 Panfollie.
2337 1930 2523 1991 Licet
2574 1950 2687 1991 vos
2734 1930 3272 2009 requisiverimus,
3324 1931 3499 2010 quod

1012 2020 1248 2093 'certos
1289 2048 1620 2109 processus
1661 2048 1773 2107 per
1805 2048 1918 2089 nos
1946 2027 2153 2089 factos
2182 2030 2587 2089 ratificat-etis
2616 2028 2734 2101 vel,
2764 2032 2819 2091 si
2844 2049 2995 2102 non,
3026 2031 3093 2091 in
3120 2036 3297 2090 terra
3320 2028 3503 2090 Preti

1045 2128 1220 2207 apud
1265 2128 1516 2206 plebem
1557 2126 1644 2187 ad
1687 2128 1741 2189 V
1783 2128 1917 2187 dies
1960 2132 2109 2205 post
2150 2128 2761 2205 representationem
2802 2128 3163 2188 litterarum
3190 2128 3503 2188 adessetis

1045 2226 1128 2285 ad
1170 2225 1640 2304 procedendum
1705 2224 2058 2295 nobiscum,
2102 2224 2391 2303 alioquin
2438 2226 2827 2285 auctoritate
2880 2224 3157 2286 clausule
3210 2246 3239 2286 c
3260 2225 3499 2304 quodsi

1045 2344 1176 2384 non
1217 2342 1435 2384 omnes
1477 2330 1596 2382 etc.
1621 2344 1648 2381 ι)
1689 2322 2193 2401 procederemus.
2242 2342 2357 2382 vos
2398 2342 2529 2382 non
2574 2324 2837 2383 venistis
2864 2342 2981 2384 nec
3009 2342 3269 2384 causam
3298 2324 3501 2400 impe-

1047 2422 1315 2483 climenti
1357 2422 1748 2499 assignastis,
1791 2420 1904 2481 sed
1949 2422 2378 2497 rescripsistis,
2424 2420 2597 2498 quod
2640 2440 2756 2481 nos
2810 2421 2938 2481 duo
2994 2420 3497 2500 procederemus,

1045 2520 1287 2580 Tamen
1327 2520 1408 2579 de
1449 2520 1810 2579 curialitate
1853 2520 2069 2596 potius
2112 2536 2310 2595 quam
2350 2518 2433 2578 de
2474 2520 2609 2579 iure
2652 2538 2767 2579 vos
2822 2520 3054 2579 iterum
3094 2518 3499 2595 requirimus,

1045 2618 1222 2697 quod
1263 2616 1488 2677 adsitis
1531 2624 1678 2695 post
1719 2617 2327 2693 re1)r:=sentationem
2370 2616 2457 2675 ad
2502 2616 2563 2675 X
2606 2616 2763 2685 dies,
2818 2634 2963 2675 cum
3020 2636 3133 2695 per
3184 2615 3503 2677 sindicum

1047 2716 1336 2777 comunis
1387 2716 1678 2792 requisiti
1733 2734 1862 2773 non
1916 2715 2237 2793 possimus
2292 2716 2619 2791 negotium
2667 2714 2935 2775 ulterius
2990 2732 3347 2793 prorogare,
3398 2712 3507 2773 vel

1043 2830 1306 2873 causam
1347 2809 1790 2888 impedimenti
1833 2810 2219 2887 significetis.
2306 2809 2456 2870 Dat.
2504 2810 2683 2870 Prati
2726 2810 2956 2871 XVIII
3000 2811 3143 2881 ian„
3194 2809 3321 2871 VII
3368 2809 3503 2869 ind.

1371 2908 1570 2969 Insere
1613 2910 1686 2967 in
1727 2928 1788 2967 n.
1834 2908 1973 2968 866.

1047 3106 1182 3163 866.
2254 3102 2431 3164 Colle
2482 3102 2605 3163 Val
2642 3100 2703 3161 d’
2706 3102 2882 3175 E'lsa,
2926 3102 3009 3163 20
3032 3102 3287 3163 Januar
3310 3102 3501 3163 1279.

1165 3201 1705 3273 MCCLXXVIII,
1751 3200 1884 3262 XX
1926 3202 2074 3271 ian„
2120 3201 2250 3263 VH
2292 3201 2420 3263 ind.
2504 3200 2891 3263 Curradinus
2918 3201 3071 3263 olim
3098 3200 3391 3261 Pantalei
3418 3200 3503 3261 de

1045 3298 1283 3361 Sancto
1323 3298 1698 3360 Geminiano
1740 3300 2205 3377 representavit
2244 3296 2557 3359 Panfollie
2583 3318 2718 3359 can
2748 3296 2951 3377 plebis
2990 3297 3073 3358 de
3098 3296 3267 3359 Colle
3292 3316 3505 3357 unum

1047 3418 1164 3477 par
1199 3396 1556 3457 litterarum
1600 3399 1906 3457 insertum
1935 3398 2010 3473 ¹);
2069 3416 2193 3474 que
2234 3396 2509 3477 sigillato
2548 3402 2731 3457 erant
2788 3395 3036 3457 duobus
3088 3395 3302 3474 sigillis
3354 3414 3507 3457 cere

1049 3494 1286 3556 viridis:
1312 3496 1374 3555 in
1399 3514 1525 3555 uno
1547 3501 1687 3555 erat
1713 3514 1949 3573 ymago
1980 3514 2029 3555 s.
2064 3494 2259 3555 Maris
2288 3494 2581 3556 habentis
2610 3495 2813 3555 filium
2832 3495 2899 3554 in
2920 3493 3181 3555 brachio
3202 3500 3267 3552 et
3286 3494 3503 3554 cuius-

1047 3593 1200 3655 ‹lam
1239 3592 1574 3671 presbiteri
1615 3594 1848 3652 stantis
1891 3592 1975 3652 ad
2016 3592 2219 3652 altare
2260 3598 2325 3651 et
2366 3592 2839 3670 circumscripte
2891 3591 3137 3651 littere:
3194 3592 3235 3667 †
3274 3589 3331 3650 S.
3376 3589 3507 3651 Te·

1049 3688 1220 3751 baldi
1247 3689 1327 3753 de
1356 3686 1748 3749 Guidalottis
1779 3708 1913 3749 can.
1947 3688 2291 3750 Pratensis.
2378 3688 2455 3748 In
2486 3690 2609 3751 alio
2636 3694 2777 3750 erat
2814 3708 3017 3769 agnus
3044 3688 3161 3749 Dei
3190 3694 3257 3749 et
3286 3686 3509 3748 littere

1047 3786 1552 3864 circumscripte:
1601 3792 1637 3859 †
1679 3786 1740 3848 S.
1783 3786 1854 3847 T.
1899 3788 2125 3865 prioris
2166 3806 2211 3846 s.
2258 3786 2457 3847 Marie
2497 3786 2579 3847 de
2618 3785 2913 3848 Castello.
2978 3786 3067 3846 Et
3106 3786 3283 3847 dedit
3326 3783 3507 3845 Pan·

1049 3884 1218 3945 sellie
1255 3884 1509 3963 copiam
1549 3884 2087 3963 subdelegationis
2129 3882 2414 3951 Tebaldi‚
2458 3882 2691 3961 etipse
2716 3886 2975 3965 recepit.
3056 3883 3201 3943 Act.
3232 3884 3297 3943 in
3322 3880 3507 3943 Colle

1049 3983 1112 4040 ἰί
1156 3981 1434 4060 hospitio
1473 3979 1806 4043 Panfollie.
1892 3980 2082 4043 Chele
2124 3980 2275 4042 olim
2304 3979 2768 4041 Pretemartini.
2800 3980 3069 4043 Camino
3096 3980 3245 4041 olim
3272 3978 3501 4040 Mafl'ei

1049 4080 1128 4137 ‹le
1159 4077 1330 4139 Colle
1371 4084 1450 4139 tt.
1571 4078 1848 4141 Iacobus
1891 4078 2041 4139 olim
2085 4078 2377 4139 Pantalei
2418 4084 2585 4139 auct.
2630 4080 2781 4157 imp.
2824 4078 3017 4139 iudex
3060 4084 3127 4138 et
3166 4084 3297 4138 not.

1367 4176 1630 4237 Florem
1657 4177 1810 4236 Ast.
1847 4177 2006 4253 (San
2048 4178 2429 4251 Gimianmo
2473 4177 2632 4236 1278
2673 4177 2710 4236 Ι
2752 4178 2857 4253 20)
2902 4176 3071 4253 Oriy.

1045 4492 1158 4537 ‹lor-c
1201 4490 1517 4550 anqefiihrtc
1553 4489 1712 4539 Stella
1747 4490 1832 4539 bez·
1871 4490 2406 4551 Τανρίοηί-Τοεεεαί.
2448 4490 2650 4539 cecina
2688 4492 2771 4539 59.
2809 4490 2919 4538 Am
2962 4491 2987 4539 1
3032 4488 3319 4539 Deumbor
3358 4492 3505 4540 1279

1052 4580 1386 4627 rar-mitteloen
1423 4578 1646 4639 Bischos
1681 4579 1796 4628 und
1843 4580 2081 4627 Podestd
2130 4580 2234 4627 den
2284 4579 2517 4627 Frae'eden
2566 4578 2824 4627 zwisalten
2866 4578 2971 4629 den
3014 4577 3349 4628 Ght'bellinen
3392 4578 3507 4628 und

1050 4667 1272 4725 (mellea
1302 4668 1562 4717 Volcei-ras
1585 4668 1826 4718 :Gecim
1851 4670 1933 4718 67.
2012 4666 2418 4729 Κορρ-Βιιεεοη
2442 4668 2513 4717 ΙΙ
2553 4670 2603 4727 3,
2652 4672 2762 4718 1159.
2802 4666 3029 4717 Demeki
3067 4669 3183 4719 112.
3272 4666 3316 4729 ι)
3344 4666 3507 4716 Sidus

1053 4772 1100 4801 η.
1147 4758 1263 4803 ὁθῖ.
