3817 5642
928 581 1373 638 REGESTUM
1408 581 2098 636 VOLATERRANUM
2641 583 2744 635 183

285 783 428 842 525.
1769 779 2060 848 Volterra,
2103 779 2148 839 3
2183 777 2520 840 November
2559 777 2740 840 1235.

410 880 859 952 MOCXXXV,
904 879 1009 944 III
1054 900 1203 942 non.
1249 899 1423 952 nov„
1478 880 1613 941 ind.
1669 877 1893 941 VIIII.
1995 878 2378 958 Filippus
2432 875 2744 940 Sinibaldi

286 978 517 1042 Vult.
562 985 977 1058 potestas,
1010 998 1157 1040 cum
1190 979 1486 1058 Paganus
1526 997 1629 1057 ep.
1672 976 1849 1039 Vult.
1882 975 2258 1055 Bonaguide
2294 976 2520 1037 Parisii
2559 975 2742 1054 quin·

284 1083 517 1157 gentas
570 1077 677 1138 lib.
721 1075 869 1137 den.
913 1073 1091 1138 Vult.
1135 1075 1419 1147 deberet,
1462 1078 1543 1135 ut
1588 1073 1865 1136 habetur
1913 1075 1980 1134 in
2033 1078 2218 1133 carta
2269 1072 2533 1134 Henrici
2587 1079 2744 1144 not„

284 1195 401 1254 pro
430 1173 667 1254 quibus
694 1172 1097 1235 Gabbretum
1126 1179 1195 1234 et
1224 1173 1733 1236 Montecatinum
1762 1171 2098 1250 obligavit,
2127 1176 2207 1231 ut
2233 1169 2338 1232 vel
2364 1169 2745 1250 Bonaguida

283 1293 361 1334 ea
393 1277 661 1344 teneret,
690 1273 791 1334 vel
834 1291 933 1351 ep.
979 1273 1037 1332 ei
1076 1270 1497 1343 satisfaceret,
1542 1269 1719 1350 quod
1758 1289 1858 1350 ep.
1902 1267 2114 1330 facere
2147 1288 2278 1330 non
2317 1269 2589 1340 curavit,
2621 1268 2744 1330 Bo-

286 1370 634 1449 naguidam
690 1371 759 1431 in
798 1375 1097 1431 tenutam
1138 1370 1421 1448 pignoris
1468 1369 1661 1431 mitto
1718 1365 1944 1428 habito
1999 1367 2263 1429 oonsilio
2317 1372 2386 1428 et
2438 1363 2745 1446 parabola

282 1468 533 1529 consilii
560 1467 852 1548 specialis
880 1486 1083 1546 usque
1113 1466 1197 1528 ad
1224 1466 1735 1528 satisfactionem
1762 1465 1843 1526 de
1874 1459 2242 1547 quingentis
2263 1464 2372 1526 lib.
2403 1470 2471 1526 et
2491 1463 2602 1526 sol.
2625 1462 2748 1524 XL

282 1567 426 1628 den.
472 1567 697 1628 solutis
728 1586 843 1646 pro
872 1573 1055 1628 carta
1080 1565 1334 1627 lieentie
1363 1569 1431 1626 et
1456 1563 1782 1645 parabole.
1868 1563 2022 1626 Dat.
2055 1564 2233 1626 Vult.
2263 1565 2450 1627 iuxta
2483 1568 2745 1644 pratum

284 1667 351 1726 in
392 1665 587 1725 domo
630 1663 942 1726 Gualterii
973 1662 1079 1743 qd.
1112 1662 1359 1724 Uberti.
1430 1661 1845 1724 Marcovaldo
1874 1662 2302 1740 Pistor(iensi)
2330 1660 2542 1722 iudice
2567 1658 2744 1722 Vult.

282 1765 594 1824 comunis.
641 1764 862 1823 Bruno
901 1761 947 1822 f.
994 1761 1353 1822 Romanelli
1396 1766 1475 1821 tt.
1560 1759 1933 1822 Bembonus
1973 1766 2109 1822 not.

614 1859 774 1921 Volt.
820 1858 1061 1920 AVeec.
1104 1877 1155 1917 8.
1200 1855 1393 1918 XIII
1433 1858 1557 1920 dec.
1605 1857 1644 1917 4
1683 1877 1747 1918 π.
1793 1856 1875 1918 26
1916 1857 2089 1935 Oriq.

282 2047 420 2107 526.
1818 2043 2079 2114 viterbo,
2122 2043 2204 2104 20
2244 2043 2523 2104 Februa,-
2563 2025 2744 2106 1236ss

406 2143 853 2225 Gregorius
913 2142 1032 2204 IX
1075 2145 1381 2224 magistro
1425 2131 1791 2204 Alexandro
1839 2141 2218 2222 cappellano
2273 2148 2511 2203 nostro,
2601 2144 2744 2222 (Pa-

280 2247 514 2323 ganus)
560 2261 657 2320 ep.
703 2239 881 2304 Vult.
925 2246 1316 2322 conquestus
1355 2248 1475 2315 est,
1519 2241 1717 2321 quod,
1760 2259 1907 2302 cum
1951 2253 2136 2320 ‘papa
2177 2240 2544 2302 Alexandro
2599 2243 2745 2302 scri-

278 2343 505 2420 pserit,
555 2347 627 2402 ut
666 2339 995 2401 induceret
1036 2345 1449 2419 potestatem,
1480 2338 1836 2413 consilium,
1868 2357 2138 2401 comune
2165 2338 2368 2412 Vult„
2398 2339 2570 2418 quod
2601 2339 2745 2416 (Pa-

278 2442 478 2518 gano)
523 2435 602 2498 de
643 2437 945 2516 dampnis
983 2437 1447 2512 satisfacerent,
1491 2438 1683 2499 iidem
1728 2437 1794 2498 id
1835 2437 2080 2498 efficere
2107 2441 2628 2516 contempserunt
2659 2443 2744 2512 et,

282 2538 470 2618 quasi
514 2537 856 2597 commissa
906 2554 1036 2596 non
1090 2535 1473 2611 sufficerent,
1517 2542 1802 2597 castrum
1857 2537 1995 2596 eius
2037 2532 2349 2596 Vecclene
2405 2534 2745 2598 combuxe-

278 2641 457 2696 runt.
504 2633 794 2705 Mandat,
839 2640 1161 2712 quatenus
1200 2653 1309 2694 eos
1350 2631 1714 2713 compellat,
1752 2639 1826 2694 ut
1861 2635 2161 2712 episcopo
2202 2629 2626 2704 satisfaciant,
2663 2633 2748 2694 ab

277 2737 419 2794 eius
460 2731 943 2813 gravaminibus
965 2732 1043 2792 de
1072 2739 1285 2794 cetero
1310 2732 1696 2805 desistendo,
1728 2733 2006 2812 proviso,
2037 2750 2118 2792 ne
2153 2733 2220 2792 in
2262 2750 2530 2792 comune
2557 2733 2748 2794 inter-

278 2833 533 2894 dietum
577 2831 679 2892 vel
722 2832 1454 2892 excommunicationem
1500 2831 1620 2890 nisi
1666 2830 1747 2891 de
1802 2827 2062 2908 speciali
2105 2828 2415 2890 mandato
2456 2835 2524 2890 et
2551 2829 2747 2891 advo-

281 2934 453 3001 cato,
498 2929 550 2988 si
592 2947 849 2989 necesse
888 2926 1103 3000 fuerit,
1147 2927 1387 2989 auxilio
1428 2927 1677 2989 brachii
1704 2927 2004 2988 secularis
2031 2927 2338 3006 proferat.
2422 2927 2746 2989 «Gi-avem

284 3024 668 3086 venerabilis
686 3045 735 3085 ι».
818 3023 974 3086 Dat.
1017 3024 1292 3087 Viterbii
1333 3025 1398 3084 X
1440 3023 1567 3086 kal.
1613 3030 1828 3096 mart„
1874 3031 2058 3102 pont.
2099 3022 2326 3086 VIIII.

608 3119 813 3182 Imert
851 3121 925 3182 in
963 3141 1025 3182 n.
1071 3121 1191 3182 527
1230 3119 1363 3182 und
1401 3121 1537 3182 534.

287 3229 425 3292 527.
1880 3227 2175 3302 Volcano,
2218 3228 2305 3288 10⁴
2341 3228 2524 3290 Μᾶνκ
2564 3228 2745 3289 1236.

406 3323 895 3398 MOOXXXVI,
926 3326 1057 3386 ind.
1091 3323 1314 3400 VIIII,
1347 3333 1537 3386 mart.
1572 3325 1654 3386 X.
1740 3325 2105 3386 Alexander
2139 3346 2309 3405 pape
2335 3324 2749 3404 cappellanus

288 3420 704 3501 personaliter
748 3423 1055 3484 accedens
1098 3423 1273 3502 apud
1314 3423 1491 3485 Vult.
1538 3425 1793 3485 monuit
1834 3423 2158 3484 attencius
2210 3442 2290 3482 ex
2345 3429 2532 3502 parte
2583 3443 2749 3502 pape

284 3519 557 3580 vicarios
598 3526 667 3580 et
704 3519 979 3582 iudicem
1036 3523 1381 3598 potestatis
1421 3521 1624 3592 Vult„
1670 3527 1747 3582 ut
1800 3521 1986 3580 iuxta
2041 3526 2330 3580 tenorem
2384 3519 2744 3580 litterarum

286 3637 455 3697 pape
481 3619 547 3693 ¹),
591 3635 753 3695 quas
792 3637 911 3696 ego
950 3617 1279 3680 Odorisius
1320 3619 1445 3698 legi
1484 3619 1623 3679 alta
1652 3637 1829 3693 voce,
1858 3616 2304 3680 satisfacerent
2341 3617 2748 3696 (Pagano)

288 3735 389 3794 ep.
434 3715 611 3778 Vult.
621 3737 637 3788 ;
679 3718 793 3794 qui
834 3716 1107 3778 confessi
1146 3716 1408 3778 fuerunt
1452 3737 1519 3776 se
1560 3716 1757 3776 fuisse
1800 3716 1958 3777 alias
1999 3718 2279 3777 monitos
2333 3734 2448 3794 per
2501 3714 2748 3776 litteras

289 3811 637 3876 Alexandri
678 3821 745 3874 et
784 3833 900 3892 per
937 3813 1279 3893 specialem
1321 3815 1645 3888 nuntium,
1692 3812 1990 3874 videlieet
2031 3813 2307 3892 priorem
2357 3832 2408 3872 s,
2454 3810 2747 3891 Galgani.

292 3911 431 3972 Aet.
478 3911 657 3972 Vult.
702 3914 770 3973 in
809 3912 958 3974 eccl.
1004 3911 1379 3973 cathedrali.
1465 3912 1733 3989 Paolo²)
1766 3909 1916 3972 abb.
1948 3929 1998 3970 s.
2044 3909 2336 3990 Galgani.
2381 3911 2574 3971 Petro
2617 3929 2748 3970 mo-

292 4009 495 4070 nacho
536 4028 671 4070 sue.
716 4008 941 4071 Fratre
980 4011 1270 4072 Ventura
1310 4009 1449 4070 ord.
1496 4009 1680 4070 Pred.
1726 4014 1808 4069 tt.
1894 4006 2226 4070 Odorisius
2269 4008 2652 4069 scriniarius.

612 4107 873 4170 Florem
918 4108 1069 4170 Ast.
1118 4109 1309 4189 (Volt.
1356 4108 1519 4170 1236
1546 4108 1649 4172 IV
1676 4106 1774 4177 10,
1804 4127 1869 4167 π.
1902 4107 2048 4184 356)
2092 4107 2264 4184 Oriq.

298 4295 428 4354 528.
1881 4294 2175 4364 Volterra,
2218 4294 2300 4355 18
2339 4293 2526 4356 Ma'rz
2566 4293 2748 4355 1236.

410 4391 1354 4465 MCCXXXV1,ind.VI111‚
1414 4401 1599 4455 mart.
1662 4393 1918 4455 XVIII.
2024 4393 2104 4452 In
2159 4392 2419 4454 consilio
2472 4391 2747 4471 generali

299 4490 467 4551 Vult.
513 4492 819 4571 magister
857 4491 1220 4552 Alexander
1258 4511 1425 4571 pape
1468 4491 1881 4571 cappellanus
1925 4491 2178 4551 monuit
2231 4509 2313 4550 ex
2355 4495 2541 4568 parte
2582 4507 2748 4568 pape

442 4707 479 4770 ¹)
516 4706 789 4767 lmen-iere,
824 4707 969 4757 aiche
1004 4723 1059 4758 π.
1100 4709 1221 4760 526.
1334 4709 1375 4768 ¹)
1417 4709 1552 4758 1231
1593 4706 1873 4756 December
1911 4733 1980 4744 --
2020 4707 2159 4757 1236
2184 4707 2306 4756 oder
2329 4703 2742 4768 Ausan91237:

302 4791 605 4844 Cama-olli
638 4793 885 4846 Abbazia
920 4795 983 4845 dn·
1015 4795 1077 4845 S.
1117 4794 1361 4858 Galqano
1399 4797 1515 4845 111.
