3817 5642
1051 574 1124 627 88
1699 576 2148 631 REGESTUM
2186 576 2871 633 VOLATERRANUM

1049 790 1231 831 cesco
1285 770 1366 832 de
1423 772 1642 833 Monte
1695 772 2041 834 Vultrario.
2100 772 2500 835 Bernardino
2553 772 2974 853 Uguiccionis
3074 774 3364 839 Andreas
3432 775 3517 837 de

1053 870 1112 933 S.
1161 868 1538 930 Geminiano
1583 869 1854 948 Henrigi
1895 872 2047 949 imp.
2092 878 2226 931 not.

1379 984 1631 1045 Florenz
1689 984 1838 1045 Ast.
1889 985 2073 1061 (Volt.
2120 984 2283 1045 1199
2322 984 2361 1045 I
2404 986 2503 1059 22,
2556 1006 2613 1046 n..
2662 986 2756 1048 52.
2802 988 2867 1047 S.
2914 986 3071 1047 Gim.
3116 986 3279 1047 1199
3326 986 3365 1047 I
3408 989 3513 1059 22,

1367 1100 1428 1141 n.
1473 1081 1538 1155 3)
1584 1084 1728 1141 zwei
1771 1082 1981 1160 Θήρᾳ.
2068 1080 2185 1143 Cic.
2233 1082 2595 1143 David-solen
2638 1082 3077 1161 Forschunqen
3116 1084 3155 1143 Ι
3196 1084 3333 1145 132.

1052 1296 1190 1357 253.
2930 1297 2968 1358 1
3010 1298 3288 1359 Februar
3326 1298 3511 1360 1200.

1170 1392 1481 1454 Homines
1522 1395 1602 1455 de
1646 1392 1868 1457 Colle
1912 1396 2197 1455 iuramus
2240 1394 2489 1457 salvare
2532 1396 2821 1459 homines
2849 1396 3137 1457 civitatis
3162 1396 3393 1457 Vult.
3438 1398 3513 1458 II

1049 1490 1325 1551 arbitros
1367 1490 1768 1564 habebimus,
1813 1494 1925 1570 qui
1954 1490 2387 1570 querimonias
2416 1494 2582 1554 inter
2608 1493 2899 1555 homines
2927 1492 3101 1554 Vult.
3132 1501 3199 1555 et
3228 1494 3309 1555 de
3338 1493 3513 1555 Collo

1052 1586 1134 1649 ad
1178 1588 1378 1649 XXX
1419 1588 1554 1649 dies
1595 1588 1940 1660 diffiniant,
1983 1608 2255 1667 quorum
2301 1590 2688 1651 sententiam
2730 1590 3021 1652 eonsules
3064 1590 3163 1651 vel
3205 1592 3514 1652 dominus

1045 1686 1185 1747 sive
1212 1692 1422 1747 rector
1448 1687 1670 1765 oppidi
1691 1694 2051 1765 exequatur
2077 1694 2143 1747 et
2174 1688 2291 1749 hoc
2321 1688 2677 1767 capitulum
2710 1688 2775 1749 in
2796 1688 3261 1749 constitutione
3282 1698 3509 1767 ponat.

1051 1782 1310 1843 Nullam
1353 1785 1727 1845 societatem
1770 1782 2081 1845 faciemus
2122 1792 2351 1845 contra
2390 1785 2683 1845 homines
2726 1784 2925 1855 Vult„
2957 1806 3088 1847 non
3129 1785 3512 1863 recipiemus

1047 1880 1356 1941 villanum
1401 1880 1500 1941 vel
1544 1882 1840 1943 colonum
1899 1882 2097 1955 Vult„
2141 1883 2431 1943 homines
2475 1882 2647 1944 Vult.
2692 1883 2759 1943 in
2814 1892 3106 1945 nostrum
3170 1884 3505 1944 servitium

1047 1976 1396 2049 venienteS,
1440 1978 1494 2037 si
1534 1986 1937 2057 caperentur,
1982 1978 2436 2059 recolligamus,
2470 1999 2650 2040 arma
2676 1988 2745 2040 et
2773 1998 2972 2059 equos
2998 1978 3507 2041 emendabimus,

1051 2074 1242 2136 Omni
1280 2076 1588 2137 decennio
1617 2074 1907 2137 consules
1937 2076 2072 2137 sive
2102 2078 2402 2138 dominus
2432 2078 2769 2155 utriusque
2813 2078 2895 2139 ad
2939 2078 3207 2140 alteram
3240 2078 3507 2139 veniant

1045 2182 1113 2234 et
1156 2174 1486 2251 inquirant
1527 2173 1692 2235 hanc
1733 2174 2141 2235 concordiam
2188 2176 2413 2235 iurare.
2500 2173 2636 2235 'Hec
2681 2173 3167 2236 observabimus
3198 2174 3280 2237 ad
3312 2176 3509 2235 XXV

1048 2290 1264 2332 annos,
1349 2271 2017 2345 MCLXXXXVIIII,
2042 2270 2163 2333 kal.
2195 2270 2373 2345 febr„
2400 2272 2532 2333 ind.
2560 2272 2684 2334 ΙΙΙ.
2772 2272 3145 2353 Excipimus
3173 2271 3507 2333 Ildebran·

1043 2368 1268 2429 diuum
1299 2368 1656 2447 palatinum
1679 2369 2002 2440 comitem,
2026 2370 2326 2429 comitem
2352 2368 2708 2443 Albertum‚
2734 2388 2983 2441 uxoreS,
3007 2369 3187 2444 filios,
3213 2369 3507 2431 homines

1045 2466 1126 2525 de
1169 2464 1363 2527 Senis.
1447 2468 1736 2528 Andreas
1781 2466 2045 2545 Henrigi
2088 2468 2237 2545 imp.
2284 2476 2417 2527 not.

1365 2578 1532 2639 Colle
1573 2578 1805 2641 ACom.
1851 2580 2367 2641 Instrumentario
2402 2580 2440 2639 I
2468 2580 2511 2657 s.
2542 2580 2581 2641 1
2624 2578 2774 2659 Gop.
2806 2600 2851 2640 8.
2886 2580 3071 2641 XIII
3114 2582 3265 2641 med.
3358 2580 3501 2653 Req.

1367 2678 1730 2738 Davidsolzn
1772 2676 2212 2754 Forschunqen
2256 2676 2295 2737 I
2337 2676 2472 2737 133.

1043 2873 1180 2932 254.
2922 2874 2959 2933 1
3004 2872 3279 2933 Februar
3318 2872 3499 2933 1200.

1163 2968 1473 3031 Homines
1513 2971 1797 3031 civitatis
1841 2970 2052 3032 Vult.
2098 2971 2385 3032 iuramus
2428 2970 2677 3032 salvare
2718 2970 3011 3033 homines
3049 2972 3129 3031 de
3174 2969 3404 3032 Colle
3430 2974 3497 3045 ¹).

1042 3068 1706 3136 MCLXXXXVHII,
1745 3068 1866 3130 kal.
1906 3068 2061 3129 febr.
2138 3068 2575 3147 Exceptamus
2612 3068 3139 3131 Ildebrandinum
3177 3068 3353 3130 Vult.
3400 3087 3497 3147 ep.

1039 3171 1108 3226 et
1147 3184 1537 3225 successores
1598 3174 1664 3225 et
1727 3164 2015 3227 homines
2077 3166 2158 3226 de
2219 3166 2486 3227 civitate
2544 3166 2793 3225 Pisana.
2879 3165 3167 3226 Andreas
3228 3162 3501 3243 Henrigi

1042 3283 1192 3343 lmp-
1237 3269 1528 3420 110¹⁵·(3'olle
1571 3358 1802 3421 ACom.
1848 3360 2367 3421 Instrumentario
2407 3361 2445 3420 I
2487 3360 2531 3435 s.
2560 3361 2603 3421 3
2630 3358 2779 3438 Cop.
2811 3380 2857 3421 s.
2892 3358 3075 3420 XIII
3108 3360 3259 3420 med.
3344 3358 3495 3435 Rey.

1365 3458 1725 3518 David-solen
1767 3458 2206 3535 Forschunqen
2250 3458 2287 3517 I
2330 3459 2465 3519 133.

1043 3656 1180 3715 255.
2919 3653 2956 3712 1
3000 3652 3275 3713 Februar
3315 3652 3493 3713 1200.

1161 3750 1579 3811 Habitatores
1623 3752 1780 3811 arcis
1825 3748 2125 3812 Montis
2178 3750 2512 3812 Vultrai
2576 3752 2860 3812 iuramus
2902 3750 3151 3811 salvare
3204 3750 3495 3812 homines

1038 3849 1261 3929 oppidi
1299 3849 1380 3909 de
1420 3847 1677 3921 Colle;
1724 3847 2103 3909 habebimus
2146 3847 2461 3917 arbitrum
2506 3847 2586 3911 de
2618 3849 2837 3909 Monte
2868 3846 3179 3919 VultraiO,
3213 3848 3326 3925 qui
3354 3868 3494 3908 sen·

1039 3946 1347 4009 tentiabit
1391 3946 1473 4006 ad
1513 3946 1633 4007 LX
1676 3945 1826 4006 dies.
1865 3945 2365 4007 observabimus
2394 3945 2614 4007 omnia
2640 3947 2725 4007 ad
2754 3946 2818 4007 X
2850 3964 3053 4007 annos
3076 3947 3141 4021 ¹¹).
3174 3944 3495 4024 Excepta--

1037 4066 1181 4105 mus
1222 4042 1750 4106 Ildebrandinum
1807 4042 1980 4103 Vult.
2028 4062 2147 4121 ep.,
2193 4043 2527 4102 civitatem
2570 4042 2770 4113 Vult„
2816 4060 3039 4103 omnes
3082 4040 3370 4104 hominoe
3412 4042 3495 4102 de

1036 4142 1234 4204 Senis
1292 4140 1527 4203 Omnia
1554 4140 1993 4219 intelligantur
2011 4140 2092 4200 de
2115 4140 2435 4200 continuis
2458 4138 2936 4202 habitatoribus
2959 4138 3176 4217 oppidi
3198 4138 3281 4199 de
3304 4136 3489 4200 Colle.

1035 4241 1328 4301 Andreas
1373 4238 1638 4317 Henrigi
1679 4238 1830 4317 imp.
1876 4246 2013 4297 not.

1357 4352 1521 4413 Colle
1565 4350 1794 4412 AC'om.
1843 4354 2357 4412 Instrumenta-rio
2402 4353 2431 4411 Ι
2465 4352 2507 4427 f.
2540 4353 2595 4413 2·
2638 4350 2788 4429 Cop.
2820 4371 2867 4413 a.
2899 4350 3087 4411 XIII
3130 4351 3282 4411 med.
3368 4349 3488 4411 Oit.

1355 4449 1716 4511 Davidsolm
1759 4450 2197 4526 Forscktmqen
2246 4450 2277 4508 Ῑ
2321 4448 2456 4509 133.

1180 4702 1222 4765 ¹)
1259 4700 1420 4750 Some
1455 4700 1738 4750 inhaltlich
1773 4700 1864 4749 der
1912 4700 2127 4760 vora-'qen
2164 4698 2427 4749 Nummer
2475 4698 2661 4759 yleich.
2870 4701 2913 4762 ²¹)
2950 4700 3113 4751 Sonat
3160 4698 3265 4749 den
3312 4698 3491 4749 miden

1034 4791 1290 4841 zwiechen
1325 4788 1470 4839 Colle
1506 4790 1620 4839 und
1665 4790 1920 4847 Vellet-ra,
1959 4804 2012 4837 n.
2053 4790 2155 4840 253
2192 4789 2251 4849 s.,
2288 4787 2469 4849 9'eich.
2752 4798 2757 4805 ·
