3817 5642
892 547 1341 604 REGESTUM·
1374 549 2058 606 VOLATERRANUM
2544 551 2700 652 191

1549 645 1894 651 ——--——.—-
1877 645 2021 652 --.-—...
2056 645 2387 652 ——..—--—-——
2418 647 2502 652 -.—-—

252 745 383 804 566.
860 755 871 766 ‘
1844 745 2122 816 Florem,
2167 746 2244 806 11
2291 745 2484 824 April
2524 746 2700 808 1237.

368 843 663 904 Potestas
722 843 892 904 Flor.
960 842 1302 904 denuntiat
1365 843 1634 922 syndico
1694 850 1761 905 et
1824 844 2352 906 ambaxatoribus
2414 844 2704 908 comunis

254 939 483 1012 Vult„
528 949 603 1002 ut
642 942 1095 1021 respondeant,
1138 941 1195 1001 si
1237 938 1439 1002 velint
1480 946 1651 1003 stare
1688 941 1807 1002 sub
1837 961 1956 1004 suo
1983 941 2216 1003 iudicio
2243 941 2324 1004 de
2352 944 2704 1020 pote—staria

250 1039 787 1118 Ripomarrancie.

564 1137 825 1200 Florenz
865 1137 1020 1199 Ast.
1066 1137 1269 1231 (Vult.
1304 1157 1369 1198 π.
1414 1137 1559 1213 432)
1603 1138 1776 1215 Oriq.
1861 1138 1982 1198 Ed.
2025 1138 2285 1200 Santini
2325 1138 2476 1199 Doc.
2523 1140 2658 1200 436.

246 1371 383 1432 557.
1832 1369 2120 1441 Florem,
2165 1370 2242 1430 11
2285 1368 2480 1447 April
2519 1370 2699 1432 1237.

364 1466 661 1528 Potestas
702 1465 871 1529 Flor.
933 1466 1204 1528 mandat
1262 1467 1537 1548 quedam
1598 1467 1865 1546 syndico
1921 1467 2210 1528 comunis
2265 1467 2478 1528 Vult.
2525 1487 2700 1528 occa·

243 1562 419 1626 sione
460 1565 773 1627 discordie
816 1585 963 1626 cum
1004 1564 1266 1626 comuni
1305 1563 1595 1626 Sancti
1637 1563 2124 1628 Geminiani.

561 1663 825 1725 Florenz
866 1663 1019 1724 Ast.
1068 1661 1257 1740 (Vozt.
1302 1683 1366 1722 η.
1414 1662 1559 1739 423)
1603 1661 1775 1740 Oriq.
1860 1663 1980 1722 Ed.
2023 1662 2282 1724 Samia-i
2323 1663 2474 1724 Doc.
2521 1665 2658 1726 437.

239 1894 381 1954 558.
1536 1895 1673 1956 San
1715 1893 2116 1972 Gimiqnan0‚
2159 1894 2238 1956 14
2284 1893 2477 1972 April
2518 1895 2698 1958 1237.

356 1992 659 2053 Potestas
714 1997 781 2053 et
844 1990 1187 2052 consiliarii
1247 1989 1538 2053 Sancti
1598 1990 2067 2054 Geminiani
2127 1998 2574 2071 protestantur
2635 2015 2702 2054 se

248 2089 497 2152 nullam
526 2089 885 2151 novitatem
913 2088 1139 2150 fecisse
1178 2091 1248 2152 in
1290 2091 1517 2152 castris
1558 2089 1798 2150 Montis
1841 2089 2153 2152 Vultrarii
2177 2098 2243 2152 et
2269 2091 2696 2155 Montistinio·

232 2187 351 2248 soli
384 2194 537 2265 post
575 2188 838 2248 laudum
880 2189 1227 2266 potestatis
1266 2185 1432 2249 Flor.

562 2285 821 2346 Florenz
862 2283 1017 2346 Ast.
1064 2283 1155 2362 (S.
1204 2285 1395 2363 Gim.)
1437 2285 1609 2362 Θήρ.
1690 2285 1809 2346 Ed.
1854 2283 2114 2346 Sontini
2153 2285 2304 2348 Doc.
2351 2287 2489 2348 438.

234 2519 753 2578 559..
1820 2515 2114 2586 Volterra,
2157 2516 2239 2578 25
2281 2516 2476 2594 April
2517 2517 2698 2579 1237.

354 2613 597 2675 Consul
640 2621 707 2674 et
748 2613 1081 2675 consilium
1124 2612 1340 2677 Vult.
1387 2613 1797 2676 constituunt
1839 2621 2280 2692 procuratores
2323 2615 2404 2675 ad
2443 2635 2698 2693 respon·

230 2713 524 2774 dendum
567 2710 881 2791 potestati
921 2710 1087 2772 Flor.
1133 2711 1213 2771 de
1253 2713 1611 2789 potestatis
1651 2711 2208 2788 Ripammarance.

564 2809 827 2870 Florem
867 2807 1022 2869 AS&
1071 2806 1258 2883 (Volt.
1302 2829 1365 2870 n.
1410 2808 1555 2887 434)
1598 2808 1773 2885 Oriy.
1855 2808 1975 2870 Ed.
2021 2809 2282 2871 Sontini
2319 2809 2472 2870 Doc.
2517 2811 2690 2872 439.

200 3041 379 3102 560.
1824 3037 2114 3108 Volterra,
2158 3039 2239 3100 25
2283 3039 2476 3118 April
2515 3041 2696 3102 1237.

355 3136 594 3199 Consul
648 3141 715 3197 et
770 3135 1103 3198 consilium
1157 3134 1374 3198 Vult.
1435 3135 1845 3198 constituunt
1902 3143 2345 3215 procuratores
2401 3136 2485 3197 ad
2541 3139 2693 3198 reci-

230 3234 544 3313 piendum
588 3232 1071 3312 promissionem
1114 3233 1459 3312 potestatis
1502 3233 1671 3294 Flor.
1714 3234 1795 3295 de
1836 3253 1970 3295 non
2011 3233 2232 3295 dando
2275 3231 2540 3295 ulterius
2585 3234 2695 3296 ali-

233 3351 431 3412 quem
474 3332 555 3394 de
594 3332 763 3392 Flor.
809 3332 876 3392 in
917 3337 1310 3410 potestatem
1355 3331 1549 3391 castri
1592 3329 2133 3410 Ripammarance
2164 3331 2262 3392 vel
2294 3330 2565 3394 aliorum
2595 3352 2696 3393 ca·

228 3437 516 3492 strorum
559 3430 639 3492 de
682 3429 1063 3492 montaneis.

559 3528 819 3589 Florem
863 3526 1012 3622 ASt.
1061 3527 1247 3603 (Volt.
1293 3547 1358 3588 n.
1405 3527 1550 3606 435)
1593 3527 1766 3607 Oriq.
1851 3527 1968 3589 E'd.
2012 3528 2273 3589 Sontini
2314 3528 2464 3590 Doc.
2510 3529 2646 3589 440.

234 3752 377 3812 561.
1824 3747 2108 3822 Volterra,
2152 3749 2235 3810 28
2277 3749 2467 3826 April
2505 3750 2686 3811 1237.

358 3847 663 3911 Consules
706 3867 779 3909 ac
822 3854 1168 3927 utrumque
1210 3845 1543 3908 consilium
1566 3845 1783 3907 Vult.
1817 3849 2226 3908 constituunt
2253 3853 2696 3926 procuratores

234 3947 307 4006 in
348 3945 575 4018 causiS,
620 3965 783 4026 quas
825 3943 1068 4020 habent
1110 3963 1255 4004 cum
1300 3946 1571 4004 comun'e
1613 3940 1903 4005 Sancti
1946 3944 2432 4006 Geminiani.

566 4041 821 4104 morem
863 4040 1015 4102 Ast.
1074 4041 1265 4118 (Vols.
1308 4061 1369 4102 n.
1417 4040 1561 4120 436)
1605 4041 1777 4118 Oriq.
1876 4041 1993 4103 Ed.
2036 4040 2296 4102 Santini
2353 4043 2506 4105 Doc..
2553 4043 2694 4106 440.

234 4269 384 4330 562
1917 4262 2195 4332 Florem,
2245 4265 2280 4324 7
2321 4264 2469 4325 Mai
2511 4265 2690 4326 1237.

366 4364 657 4426 Potestas
712 4361 878 4424 Flor.
944 4361 1218 4442 precipit
1278 4361 1563 4440 syndicis
1626 4361 1998 4422 comunium
2043 4359 2253 4422 Volt.
2298 4369 2366 4424 et
2407 4363 2449 4424 S
2469 4363 2696 4423 ancti

234 4462 723 4534 Geminiani,
768 4468 843 4523 ut
885 4459 1011 4522 sibi
1052 4479 1279 4538 pacem
1320 4457 1595 4520 reddant
1637 4458 1716 4518 de
1759 4458 2006 4519 iniuriis
2047 4457 2278 4532 illatis;
2323 4459 2440 4537 qui
2476 4458 2572 4518 ita
2598 4458 2693 4519 fa-

234 4559 445 4620 munt.
559 4656 820 4718 morem.
864 4653 1014 4716 Ast.
1064 4654 1247 4733 (Voce.
1294 4675 1355 4716 n.
1402 4653 1539 4714 437.
1584 4652 1728 4731 438)
1772 4654 1918 4714 zwei
1959 4654 2172 4733 Θήρῃ.
2269 4623 2388 4714 sd.
2432 4653 2693 4716 samm·

473 4775 483 4784 ·
560 4755 709 4840 ους.
756 4755 895 4816 441,
940 4754 1077 4815 443.
1150 4815 1161 4830 ,
