3817 5642
1123 550 1226 603 128
1763 552 2209 607 REGESTUM
2246 552 2936 611 VOLATERRANUM

1119 745 1272 807 ecel.
1313 751 1383 807 et
1423 746 1730 807 Iohannis
1771 746 2030 807 abbatis
2056 766 2105 807 s.
2136 746 2409 827 Galgani
2438 754 2507 808 et
2535 747 2977 823 Flor(enzetti)
3010 752 3319 827 prepositi
3360 750 3443 812 de
3472 752 3591 813 Ca-

1120 844 1246 905 sori
1288 842 1728 923 delegatorum
1751 862 1918 923 pape
1938 864 2057 923 pro
2085 844 2393 923 sopienda
2422 844 2741 906 discordia
2762 847 2930 908 inter
2962 846 3456 925 (Paganum)
3486 868 3587 927 ep.

1121 941 1298 1003 Vult.
1341 948 1412 1003 et
1451 941 1868 1003 Vulterranos
1893 944 2065 1003 cives
2094 942 2457 1003 custodiam
2486 950 2771 1003 castrum
2814 949 2879 1003 et
2922 942 3079 1004 nulli
3108 943 3281 1006 dabo
3310 946 3433 1007 nisi
3474 948 3589 1007 de·

1121 1040 1350 1122 legatis
1387 1060 1558 1119 pape
1599 1038 1989 1101 habentibus
2030 1040 2283 1103 litteras
2322 1042 2479 1103 eius.
2564 1042 2709 1103 Act.
2750 1042 2912 1103 Pisis
2940 1044 3007 1103 in
3048 1042 3331 1105 elaustro
3372 1044 3585 1124 hospi-

1123 1140 1272 1199 talis
1301 1159 1350 1199 s.
1381 1138 1564 1200 Pauli
1593 1138 1675 1199 de
1703 1137 1875 1217 Ripa
1903 1140 2065 1199 Arni
2132 1158 2295 1218 pres.
2328 1138 2617 1201 Iohanne
2644 1138 2793 1201 abb.
2822 1159 2873 1201 3.
2905 1138 3199 1219 Galgani.
3228 1140 3591 1221 Fraiapane

1120 1236 1565 1313 Vio(ecomite)
1625 1236 1800 1297 Vult.
1859 1242 2203 1315 potestate.
2262 1234 2475 1297 Leone
2530 1237 2640 1315 qd.
2697 1235 2973 1317 Galgani
3029 1236 3401 1317 Burgundii.
3462 1238 3587 1300 Bo·

1121 1340 1482 1395 nonoontro
1510 1334 1864 1413 RisperotO.
1896 1333 2193 1395 Gnidone
2208 1334 2599 1413 Marignani.
2636 1333 3026 1395 Ildebrando
3053 1334 3162 1413 qd.
3196 1334 3481 1397 Rainerii
3506 1336 3590 1397 de

1123 1432 1594 1510 Montemagno.
1655 1429 2115 1502 MCCXVIIII,
2166 1430 2295 1493 ind.
2355 1431 2469 1505 VI,
2534 1431 2593 1492 V
2632 1450 2783 1493 non.
2838 1432 3005 1492 mad.
3092 1434 3432 1495 Rainerius
3474 1434 3587 1513 qd.

1119 1530 1291 1592 Sassi
1335 1529 1528 1591 iudex
1570 1536 1637 1589 et
1675 1538 1814 1590 not.

1446 1626 1608 1688 Volt.
1641 1626 1882 1688 AVeec.
1914 1645 1966 1685 8.
1996 1624 2185 1685 XIII
2214 1625 2337 1687 dec.
2368 1628 2409 1688 2
2436 1646 2501 1687 π.
2530 1627 2613 1689 37
2640 1626 2813 1705 Oriq.

1119 1820 1257 1881 361.
2826 1822 3127 1895 Volterra,
3158 1822 3199 1883 9
3226 1821 3374 1883 Mas·
3403 1822 3585 1884 1218.

1241 1918 1662 1989 Mcchm,
1706 1916 1838 1981 VII
1865 1918 1951 1979 1d
1990 1920 2138 1989 mai,
2176 1918 2309 1979 ind.
2354 1918 2467 1979 VI.
2554 1918 3048 1998 Fraiapanis
3090 1920 3307 1981 Vult.
3350 1926 3587 1999 pote·

1119 2022 1290 2078 stas
1319 2022 1718 2095 protestatus
1743 2016 1872 2078 fuit
1899 2036 2119 2077 eoram
2146 2016 2489 2094 I(ohanne)
2521 2017 2668 2078 abb.
2700 2037 2747 2079 s.
2780 2016 3053 2098 Galgani
3080 2024 3149 2077 et
3174 2016 3585 2079 Florenzetto

1119 2116 1447 2197 preposito
1487 2115 1568 2175 de
1617 2114 1878 2185 CasuliS,
1938 2113 2115 2193 quod
2170 2121 2469 2175 tenutam
2522 2120 2879 2175 castrorum
2936 2114 3214 2188 Roveto,
3270 2115 3583 2189 emoto,

1117 2212 1378 2285 Caselle,
1421 2212 1754 2283 MiccianO,
1785 2212 2079 2280 Libiano,
2114 2212 2307 2273 Petra
2336 2214 2401 2288 ¹),
2434 2212 2861 2293 Villamagna,
2894 2212 3103 2283 Sassa,
3140 2212 3581 2284 Monteverde,

1120 2309 1436 2383 Queroeto
1479 2310 1632 2389 ipsis
1673 2329 1789 2388 pro
1831 2328 2003 2388 papa
2029 2309 2186 2369 fecit
2215 2309 2397 2370 salvo
2424 2310 2561 2369 iure
2603 2310 2913 2370 comuni&
2999 2311 3142 2369 Act.
3188 2310 3257 2370 in
3298 2311 3589 2388 capitulo

1120 2408 1297 2470 Vult.
1430 2426 1593 2485 pres.
1657 2408 2067 2487 Bonparente
2124 2408 2231 2485 qd.
2299 2406 2649 2468 Bonefidei.
2714 2406 3042 2468 Ubaldino
3097 2406 3205 2486 qd.
3270 2407 3585 2469 Sassonis.

1118 2506 1394 2568 Strenua
1435 2504 1543 2583 qd.
1588 2505 1941 2567 Silimanni.
2030 2504 2426 2565 Isimbardus
2468 2526 2518 2565 s.
2564 2507 2718 2583 imp.
2762 2512 2897 2566 not.

1439 2604 1702 2665 Florem
1733 2602 1882 2663 Ast.
1920 2603 2111 2679 (Vou.
2144 2623 2209 2663 n.
2241 2602 2385 2679 179)
2417 2602 2591 2680 Oriq.

1119 2800 1255 2859 362.
2527 2798 2701 2857 Nera
2727 2798 2817 2857 im
2846 2796 3083 2866 Eraml
3115 2798 3197 2857 10
3224 2796 3371 2857 Mai
3398 2798 3585 2859 1218.

1238 2892 1660 2969 MCCXVIII,
1704 2895 1799 2958 VI
1841 2896 1923 2956 id.
1972 2900 2120 2969 mai,
2166 2896 2297 2957 ind.
2329 2896 2441 2956 VI.
2530 2896 3025 2973 Fraiepanis
3074 2896 3303 2955 Vult.
3348 2904 3585 2973 pote·

1117 3000 1291 3054 stas
1333 3001 1732 3073 protestatus
1771 2994 1898 3054 fuit
1956 3014 2173 3055 coram
2218 2994 2559 3069 Io(hanne)
2604 2990 2755 3053 abb.
2814 3012 2863 3053 s.
2908 2991 3181 3073 Galgani
3216 2998 3283 3051 et
3322 2992 3585 3053 Flore-n—

1112 3098 1294 3153 zecto
1339 3094 1664 3172 preposito
1704 3092 1783 3153 de
1823 3093 2071 3153 Casulis
2112 3093 2425 3171 delegatis
2466 3111 2650 3171 pape,
2697 3090 2874 3169 quod
2916 3098 3164 3161 tenuta,
3210 3109 3407 3168 quam
3466 3092 3589 3151 dat

1115 3192 1270 3267 ipsis
1313 3210 1430 3267 pro
1468 3209 1642 3268 papa
1681 3190 1762 3251 de
1805 3195 2017 3250 castro
2062 3190 2275 3269 Nigre.
2322 3208 2453 3249 non
2492 3188 2849 3265 preiudioet
2876 3188 3136 3247 comuni
3164 3189 3229 3247 in
3264 3206 3379 3247 suo
3422 3189 3586 3249 iure.

1116 3288 1260 3349 Aet.
1305 3289 1372 3349 in
1414 3297 1626 3348 castro
1665 3287 1746 3349 de
1777 3287 1975 3366 Nigra
2056 3308 2221 3366 pres.
2260 3286 2535 3365 Ugolino
2564 3286 2644 3346 de
2685 3286 2896 3346 Petra.
2944 3284 3207 3346 Ruffulo
3234 3284 3341 3363 qd.
3388 3284 3584 3347 Guio-

1117 3385 1308 3445 oheri.
1352 3385 1678 3447 Ubaldino
1738 3385 1840 3465 qd.
1899 3384 2211 3445 Sassonis.
2265 3384 2507 3461 Sigerio
2564 3383 2977 3445 Genovensis.
3083 3380 3483 3443 Isimbardus
3533 3403 3581 3443 s.

1115 3483 1270 3561 imp.
1316 3490 1450 3543 not.

1434 3582 1693 3641 Florenz
1724 3580 1874 3640 ASt.
1912 3581 2104 3655 (Volt.
2134 3600 2199 3640 n.
2231 3578 2374 3655 180)
2406 3578 2577 3655 Oriq.

1117 3776 1252 3836 363.
2151 3742 2157 3751 ’
2700 3772 3022 3843 Montis-i,
3056 3772 3095 3831 9
3120 3771 3289 3832 Jum·
3318 3771 3529 3831 1218
3538 3778 3579 3847 )

1237 3872 1657 3945 MCCXVIII,
1703 3874 1760 3935 V
1799 3873 1887 3934 id.
1935 3875 2088 3945 iun„
2135 3872 2267 3933 ind.
2312 3872 2427 3933 VI.
2525 3872 2905 3949 Paganus
2960 3869 3137 3930 Vult.
3181 3890 3281 3949 ep.
3325 3888 3405 3929 ex
3450 3888 3582 3929 una

1113 3980 1298 4051 parte
1341 3978 1407 4032 et·
1451 3971 1943 4033 Ildebrandinus
1986 3979 2051 4032 et
2094 3970 2369 4032 Iacobus
2410 3969 2836 4039 Cavaloantis,
2896 3968 3212 4028 Ranerius
3266 3967 3581 4041 Ranuooi,

1113 4072 1384 4132 Gundus
1425 4080 1490 4131 et
1533 4070 1943 4131 Ranucoinus
1986 4078 2053 4131 et
2095 4069 2489 4130 Beneivenni
2518 4066 2968 4128 Ghislincionis
2995 4084 3113 4143 pro
3140 4084 3206 4125 se
3238 4070 3309 4125 et
3336 4064 3579 4125 Bonin-

1113 4188 1306 4245 segma
1346 4169 1545 4229 fratre
1587 4168 1744 4229 dicti
1790 4170 2202 4237 Bencivenni,
2249 4172 2311 4227 et
2357 4166 2678 4227 Tur-sellus
2718 4170 2787 4225 et
2842 4165 3163 4225 Burnetto
3203 4161 3313 4242 qd.
3355 4160 3573 4241 Iugni‚

1261 4415 1301 4477 ¹)
1341 4413 1526 4464 Pietra
1563 4412 1647 4462 bei
1683 4412 1750 4459 M
1755 4413 2056 4473 omiqnow.
2219 4409 2261 4471 ¹)
2302 4406 2661 4470 Ausjiihrlieh
2702 4407 2829 4457 iiber
2866 4404 3007 4455 dim
3044 4402 3422 4464 Beziehunqen
3456 4418 3579 4452 zum

1111 4502 1452 4553 Florentiner
1487 4502 1556 4550 M
1559 4501 1677 4551 arkt
1700 4502 1771 4551 ist
1795 4519 1818 4551 e
1838 4500 2057 4549 Bistam
2078 4499 2194 4549 und
2221 4496 2643 4557 Geldwirteehalt
2660 4510 2685 4544 t
2708 4494 2745 4544 Ι
2776 4496 2873 4545 101
2902 4492 3196 4556 qehandelt.
3224 4492 3415 4554 Reque
3434 4492 3577 4541 mech

1113 4592 1197 4641 bei
1243 4592 1561 4641 Davidsohn
1609 4589 1826 4639 Forsch.
1865 4588 1975 4638 III
2012 4590 2045 4639 3
2084 4604 2137 4637 n.
2180 4588 2228 4645 8,
2264 4586 2399 4635 doch
2436 4600 2505 4635 zu
2538 4582 2913 4641 mmmm-isch,
2950 4580 3178 4631 weehoelb
3214 4580 3303 4630 ich
3340 4595 3401 4629 ee
3450 4582 3575 4631 wie-

1107 4679 1331 4729 der-kole.
1380 4678 1678 4740 Verqleiohe
1714 4678 1852 4726 auch
1890 4678 2135 4726 Sombat-t
2169 4676 2281 4725 Der
2315 4674 2563 4724 moder-m
2600 4670 3010 4731 Kapaalismm
3047 4669 3082 4718 I
3122 4671 3225 4720 252
3262 4668 3379 4717 und
3404 4678 3575 4717 unten

1110 4786 1166 4820 n.
1209 4772 1329 4820 406.
