3817 5642
898 549 1011 603 RE
1022 547 1223 603 GEST
1233 549 1283 602 U
1284 549 1347 602 M
1383 547 1942 602 VOLATERRAN
1955 547 2074 602 ΠΜ
2605 548 2714 601 213

252 645 457 652 au*—

247 747 395 806 648.
1798 743 2078 818 Florem,
2123 744 2202 803 14
2244 741 2496 819 Anquat
2533 742 2710 804 1254.

378 841 764 918 MCCLIIII,
808 841 937 903 ind.
982 841 1141 910 XII
1185 841 1289 902 die
1334 842 1582 902 veneris
1624 841 1837 902 xlm
1865 861 2010 920 aug.
2097 841 2198 902 Ex
2228 845 2535 919 precepto
2561 839 2711 901 Gui-

240 941 467 1001 scardi
504 939 851 1018 potestatis
890 945 958 1000 et
985 939 1331 1002 Guillielmi
1362 939 1695 1019 Raugonia
1722 939 2046 1018 capitanei
2081 939 2422 1001 convocati
2447 944 2601 1000 sunt
2629 938 2715 999 ad

241 1037 591 1099 consilium
632 1037 955 1099 credentie
994 1039 1063 1099 in
1103 1039 1252 1100 eccl.
1296 1057 1347 1098 s.
1379 1037 1689 1100 Iohannis
1718 1035 1959 1098 batiste
1987 1035 2079 1097 VI
2105 1035 2456 1114 prudentes
2484 1037 2604 1096 viri
2631 1036 2714 1097 de

240 1135 547 1214 quolibet
573 1141 783 1204 sextu,
815 1135 1247 1198 interfuerunt
1273 1136 1527 1198 anziani
1568 1131 1794 1214 populi
1821 1133 1992 1196 Flor.
2062 1135 2453 1215 Capitaneus
2486 1155 2710 1197 consu·

240 1234 397 1305 luit,
422 1233 580 1313 quid
602 1235 687 1292 sit
706 1233 1073 1294 faciendum
1098 1235 1163 1293 in
1183 1234 1542 1295 ordinando
1574 1233 1972 1294 salarium
2001 1233 2464 1311 potestatis
2489 1233 2709 1294 Vult.

238 1336 311 1392 et
362 1331 501 1390 eius
540 1329 768 1390 iudicis
810 1335 877 1390 et
916 1336 1053 1390 not.
1101 1326 1353 1390 Placuit
1396 1331 1621 1390 maiori
1646 1332 1839 1408 parti,
1871 1331 2048 1409 quod
2089 1335 2222 1409 pot.
2251 1329 2492 1390 habeat
2515 1329 2710 1390 libras

238 1427 453 1490 CCCC
494 1428 695 1500 Vult„
739 1428 933 1489 iudex
974 1428 1099 1500 CL,
1142 1434 1281 1488 not.
1324 1427 1598 1488 LXXX.
1692 1428 2092 1490 Guillielmus
2135 1433 2270 1488 not.
2313 1435 2382 1487 et
2425 1425 2710 1488 Rust-iki-

238 1545 370 1588 nus
418 1525 821 1586 Benentendi
864 1531 999 1584 not.
1047 1531 1125 1586 tt.

574 1623 831 1684 Florem
860 1623 1011 1684 Ast.
1046 1623 1229 1700 (Volt.
1261 1644 1323 1684 n.
1357 1624 1501 1696 655)
1534 1624 1689 1702 Gop.
1720 1643 1838 1684 von
1861 1623 2299 1685 1256Jam1ar
2319 1623 2400 1684 12
2425 1627 2526 1698 (ex
2549 1623 2711 1684 libro

574 1721 978 1781 consiliorum
1006 1739 1201 1798 penes
1232 1721 1633 1782 Bel-nardum
1662 1729 1822 1784 not..
1854 1721 1965 1798 qui
1992 1721 2243 1798 positus
2271 1725 2372 1779 est
2392 1720 2478 1780 ad
2497 1725 2708 1780 custo·

572 1819 879 1880 diendum
908 1818 1100 1879 libros
1130 1819 1538 1880 consiliorum
1566 1833 1633 1878 et
1654 1819 2266 1879 stantiamentorum
2295 1819 2709 1878 anzianorum

571 1925 639 1977 et
678 1918 1047 1995 capitanei).
1132 1917 1256 1978 Get.
1301 1918 1533 1978 Cecina
1574 1917 1673 1978 54.

238 2211 385 2270 649.
1786 2209 2069 2281 Florem,
2114 2209 2194 2269 14
2241 2209 2484 2284 4u9u⁸t
2525 2209 2706 2271 1254.

368 2306 758 2377 MCCLIIII,
802 2307 907 2368 die
938 2309 1183 2368 veneris
1214 2306 1424 2367 XIIII
1454 2325 1621 2387 aug„
1658 2306 1793 2370 ind.
1824 2305 1980 2367 XII.
2067 2305 2438 2368 Stabilitum
2467 2313 2568 2367 est
2597 2319 2712 2385 per

238 2406 753 2467 Guillie!minum
797 2405 1126 2484 Raugonis
1168 2407 1582 2483 capitaneum
1622 2411 1691 2466 et
1732 2406 2034 2466 anzianos
2064 2405 2286 2483 populi
2312 2404 2500 2474 Flor.
2531 2405 2708 2484 quod

238 2523 361 2580 pro
414 2503 866 2563 emendatione
928 2503 1387 2563 constituti
1428 2501 1668 2574 Vult„
1712 2521 1841 2580 que
1880 2501 2012 2562 fieri
2055 2501 2252 2563 debet
2291 2501 2374 2562 de
2415 2504 2706 2580 proximo

238 2620 419 2680 aug„
464 2599 785 2678 eligantur
825 2605 929 2660 tot
970 2600 1051 2660 de
1092 2599 1441 2662 maioribus
1499 2605 1661 2680 quot
1716 2600 1795 2660 de
1852 2600 2208 2661 minoribus
2262 2601 2580 2672 civitatis;
2637 2602 2706 2662 in

238 2699 610 2759 constituto
648 2704 929 2776 ponatur
958 2719 987 2758 <‹
1006 2698 1199 2759 salvis
1227 2701 1545 2778 preceptis
1572 2700 1897 2777 capitanei
1925 2704 1994 2758 et
2023 2700 2365 2776 potestatis
2393 2697 2558 2759 Flor.
2581 2719 2610 2758 ι»
2636 2702 2701 2774 “).

240 2798 547 2857 Potestas
590 2795 769 2856 Vult.
812 2795 1053 2856 habeat
1094 2795 1434 2857 arbitrium
1488 2797 1555 2858 in
1613 2795 1912 2857 omnibus
1967 2795 2292 2857 maleficiis
2345 2796 2426 2856 de
2481 2795 2584 2857 die
2637 2801 2706 2856 et

236 2899 456 2955 nocte.
542 2893 599 2952 A
644 2893 1241 2970 condempnationis
1282 2895 1609 2956 sententia
1648 2913 1779 2954 non
1818 2895 2025 2971 possit
2075 2893 2398 2972 appellari.
2483 2893 2705 2955 Liceat

236 2993 563 3071 potestati
602 2998 668 3050 et
708 3011 825 3051 suo
866 2990 1060 3052 iudici
1108 2994 1450 3052 terminare
1478 2991 1739 3053 consilia
1768 3000 1834 3051 et
1864 2991 2266 3070 par-lamenta
2294 2991 2521 3054 facere.
2593 2991 2702 3053 So-

236 3092 369 3150 veli
409 3091 493 3150 de
538 3090 896 3167 Arriguccis
935 3109 1106 3150 nunc
1148 3097 1438 3168 potestas
1474 3088 1649 3150 Vult.
1680 3095 1747 3150 et
1778 3091 2183 3151 Bonacursus
2213 3089 2293 3150 de
2323 3089 2577 3151 Lanuto
2607 3110 2704 3152 as-

236 3205 450 3248 sessor
491 3188 625 3246 sint
664 3184 946 3248 absoluti
986 3186 1067 3246 de
1108 3186 1631 3264 inquisitionibus
1674 3187 1862 3246 factis
1892 3207 2005 3265 per
2040 3186 2416 3248 Iacobinum
2459 3186 2701 3265 capita-

235 3304 435 3345 neum
480 3288 549 3344 et
592 3285 892 3345 anzianos
933 3283 1128 3356 Vult„
1174 3285 1343 3344 sicut
1384 3287 1625 3362 scripta.
1652 3291 1807 3344 sunt
1836 3303 2034 3344 manu
2065 3283 2308 3343 Mathei
2335 3290 2471 3344 not.
2557 3284 2699 3344 Act.

235 3381 405 3442 Flor.
451 3382 517 3440 in
561 3382 805 3460 palatio
846 3383 1187 3460 capitanei.
1236 3384 1303 3442 in
1354 3401 1482 3460 quo
1538 3389 1826 3442 moratur·
1850 3381 1920 3459 ²).
1978 3381 2365 3442 Azzobuono
2419 3387 2556 3442 not.
2599 3401 2700 3442 ca-

236 3481 508 3558 pitanei.
554 3479 839 3556 Iacoppo
882 3487 1011 3539 not.
1060 3479 1385 3540 Burnecto
1416 3479 1767 3540 Bonacursi
1800 3485 1938 3542 not.
1971 3485 2051 3539 tt.
2137 3479 2557 3540 Rustichinus
2583 3499 2701 3558 pro

234 3577 484 3655 populo
526 3575 695 3637 Flor.
739 3577 1157 3637 anzianorum
1198 3583 1334 3636 not.

563 3675 823 3734 Florem
872 3675 1015 3734 Ast.
1065 3675 1249 3750 (Volt.
1294 3695 1355 3734 n.
1402 3675 1543 3748 656)
1590 3676 1760 3752 Θήρ.
1848 3676 1998 3752 Req.
2045 3676 2276 3736 Cecina
2319 3675 2414 3735 53.

384 3946 430 4010 1)
471 3945 575 3994 Dic
600 3945 910 3994 ›evidierten
936 3945 1181 3994 Statuten
1206 3945 1297 3994 dea
1328 3945 1527 3994 Jahres
1569 3947 1703 3994 1:354
1745 3947 1845 4006 (wo
1888 3945 2150 3994 Albertus
2187 3945 2257 3994 de
2299 3943 2560 4009 segalare
2596 3948 2698 3996 Po-

232 4035 383 4084 deam
424 4033 560 4096 war)
598 4033 724 4082 sind
768 4033 829 4081 in
882 4032 1017 4081 Volt.
1059 4033 1277 4083 AMun.
1330 4033 1375 4080 G
1431 4033 1599 4081 VIII.
1652 4033 1764 4081 Der
1810 4033 2040 4094 Anfanq
2091 4035 2160 4082 iet
2208 4033 2393 4093 jedoch
2444 4051 2544 4083 von
2592 4037 2696 4085 den

232 4123 579 4183 Anhdnqem
618 4121 902 4180 Mavult-eda
938 4121 1017 4170 im
1062 4121 1283 4170 Herbstc
1338 4123 1471 4170 1260
1521 4121 1817 4183 korriqiert.
1872 4123 2073 4170 Cecina
2119 4125 2186 4172 48
2235 4123 2328 4171 hat
2375 4123 2475 4172 das
2522 4124 2696 4185 falech

232 4209 555 4272 aujycsasst.
703 4209 747 4273 ²)
773 4209 892 4269 Aul
928 4209 1072 4258 dicae
1108 4209 1295 4260 beiden
1338 4209 1637 4259 Urlctmden
1672 4209 1917 4259 beztehcn
1952 4210 2068 4259 sich
2103 4211 2190 4259 die
2221 4210 2392 4259 Worte
2425 4212 2696 4262 Giovavmi

240 4300 483 4350 Villam'e
510 4299 593 4348 VI
614 4301 699 4357 57,
718 4299 975 4348 nachdem
1001 4315 1055 4346 er
1073 4300 1160 4348 die
1178 4299 1405 4361 Ansany
1430 4300 1644 4361 Anqust
1665 4300 1879 4362 erfolytc
1895 4300 2206 4348 Eirmahme
2234 4301 2500 4349 Volterras
2525 4303 2692 4352 durch

232 4391 334 4438 das
386 4403 491 4437 von
522 4387 695 4437 Sioua
732 4388 861 4436 iiber
894 4387 1227 4450 Poqqibonsi
1262 4388 1677 4438 horanziehende
1714 4388 2052 4438 Floreminer
2093 4389 2237 4438 Hcer
2288 4391 2482 4440 erzc'ihlt
2519 4392 2635 4441 hat:
2675 4394 2694 4441 i

231 4477 545 4528 Fiorentini
578 4479 789 4526 enti-ati
825 4477 973 4526 nella
1011 4485 1185 4526 terra.
1205 4516 1216 4527 .
1288 4493 1325 4526 a
1360 4474 1477 4526 loro
1514 4480 1675 4542 guisa.
1709 4479 2005 4527 riformaro
2041 4478 2099 4527 la
2133 4479 2395 4544 signorm,
2431 4493 2464 4525 s
2501 4483 2596 4544 poi
2623 4497 2690 4530 ne

233 4567 586 4618 mandatorio
617 4567 761 4614 fuori
797 4567 811 4614 i
840 4565 1085 4630 caporali
1110 4566 1197 4614 de'
1220 4567 1537 4617 Ghibellini.
1568 4569 1615 4616 E
1644 4569 1843 4631 questo
1869 4568 1932 4616 fu
1958 4567 2046 4617 nel
2074 4583 2222 4618 mese
2248 4566 2505 4632 d’agosto
2537 4571 2690 4630 1254,

232 4657 347 4706 alla
382 4655 546 4704 detta
580 4655 827 4719 signoria.
862 4655 921 4704 di
960 4671 1165 4706 mes-xer
1202 4654 1515 4706 Guiscardo
1543 4657 1619 4704 da.
1644 4657 2017 4708 Pietrasanta.
2101 4659 2403 4720 Verqleiche
2432 4677 2453 4708 ο
2475 4659 2692 4708 Bistam

232 4746 349 4794 und
388 4742 849 4803 Geldwirtschasto
882 4744 953 4792 II
992 4746 1109 4794 2276.
1152 4747 1255 4794 290
1291 4746 1329 4804 Ι.
1360 4747 1479 4796 297.
