3817 5642
911 566 1356 623 REGESTUM
1393 567 2089 623 VOLATERRANUM
2628 574 2729 627 133

257 762 402 849 376.
1879 766 2179 838 Volterra,
2214 766 2293 827 21
2334 766 2385 826 J
2386 768 2502 829 uni
2544 768 2725 829 1219.

384 858 824 937 Bomparente
867 860 1217 933 Bone-fidei,
1264 862 1563 923 Ruffolus
1618 862 1961 935 Guichieri‚
2018 862 2295 925 Strenua
2352 862 2721 937 Salimsnni,

259 957 588 1019 Gerardus
626 958 856 1029 Giacci,
903 958 1192 1020 Ventura
1232 960 1446 1030 Follis,
1505 961 1816 1022 Fornaius
1871 961 2162 1023 Aldizelli
2220 963 2598 1024 iuraverunt
2646 965 2727 1025 de

257 1054 572 1117 electione
596 1056 880 1117 Danielis
908 1056 1136 1117 sindici
1165 1076 1198 1115 c
1216 1059 1534 1119 omunis
1564 1059 1779 1119 Vult.
1804 1066 1872 1119 et
1900 1060 1981 1119 de
2010 1060 2329 1130 omnibus,
2372 1080 2451 1119 ex
2496 1061 2730 1141 quibus

259 1151 676 1213 Ildibrandus
697 1173 836 1213 can.
861 1153 1034 1215 Vult.
1065 1153 1398 1233 delegatus
1419 1174 1588 1234 pape
1615 1175 1724 1217 eos
1751 1157 2113 1235 inquisierit
2134 1156 2214 1216 de
2236 1158 2372 1217 eius
2394 1157 2724 1231 electione,

258 1250 441 1329 quod
481 1270 563 1310 ex
592 1250 904 1311 mandato
931 1251 1268 1311 consulum
1295 1252 1624 1332 elegerunt
1651 1251 1814 1313 duos
1843 1252 2224 1313 clamatores
2251 1253 2337 1313 sd
2364 1253 2726 1331 eligendum

257 1346 565 1410 officiales
605 1348 940 1410 consulum
985 1354 1052 1409 et
1090 1348 1214 1427 ipsi
1255 1356 1480 1427 postea
1511 1349 1810 1411 officiales
1836 1358 1904 1411 et
1932 1350 2267 1411 Danielem
2297 1352 2365 1412 in
2392 1352 2727 1413 sindicum.

256 1444 407 1505 Act.
454 1444 632 1505 Vult.
683 1447 752 1506 in
799 1446 1077 1505 claustro
1134 1449 1437 1507 canonice
1491 1466 1538 1507 S.
1599 1448 1794 1508 Mario
1905 1466 2067 1533 pres.
2126 1450 2437 1527 magistro
2491 1448 2731 1510 Iacobo

257 1542 650 1621 archipresb.
693 1542 1006 1623 Magistro
1044 1544 1302 1605 Mitidio
1343 1564 1483 1607 can.
1516 1544 1690 1606 Vult.
1719 1544 2059 1606 Leonardo
2100 1544 2341 1607 clerico,
2389 1548 2730 1609 Vincentio

254 1645 398 1700 not.
447 1640 782 1720 Aringerio
807 1640 1136 1702 Maozuoli.
1221 1640 1680 1714 MCCXVIIII,
1713 1644 1846 1704 ind.
1879 1642 2026 1717 VII,
2062 1642 2161 1703 XI
2190 1642 2317 1703 kal.
2352 1644 2461 1705 iul.
2555 1644 2727 1705 Don-

255 1738 458 1797 zellus
499 1738 694 1799 iudex
736 1740 870 1800 ord.
913 1746 980 1799 et
1023 1746 1159 1800 not.

587 1836 852 1897 Florem
894 1836 1047 1897 Ast.
1103 1837 1295 1913 (Volt.
1339 1856 1401 1897 η.
1434 1837 1577 1913 188)
1621 1837 1794 1914 Oriq.

260 1997 408 2059 377.
1704 1998 2001 2071 Volterra,
2044 2000 2126 2059 26
2166 1999 2503 2061 November
2543 2000 2723 2061 1219.

383 2092 657 2168 Bai-one,
704 2094 1049 2177 Galganus‚
1109 2096 1548 2159 Bonafidanza
1611 2094 1997 2159 consules
2058 2096 2273 2157 Vult.
2329 2097 2411 2158 de
2464 2096 2727 2159 consilio

261 2192 672 2267 Bonaccorsi,
707 2192 1004 2267 Rolsndi,
1037 2192 1348 2273 Rugerini
1376 2212 1637 2255 suorum
1666 2192 2185 2267 consiliariorum,
2210 2190 2281 2253 11
2300 2194 2725 2271 provisorum,

258 2288 330 2349 II
376 2290 712 2352 consulum
757 2296 1184 2352 mercatorum
1227 2292 1705 2352 constituerunt
1747 2290 2091 2352 Strennam
2124 2290 2467 2352 Burasselli
2502 2308 2725 2371 procu-

259 2396 546 2448 ratorem
591 2386 676 2447 ad
717 2406 978 2448 causam
1020 2388 1338 2467 agendam
1379 2406 1526 2448 cum
1581 2388 1822 2468 Ugerio
1878 2386 2245 2449 Pannochie
2300 2406 2513 2449 coram
2562 2388 2726 2465 (Flo-

257 2488 579 2560 renzetto)
623 2486 950 2565 preposito
990 2485 1316 2548 Casulensi
1357 2490 1427 2547 et
1465 2488 1674 2565 priore
1716 2488 1797 2547 de
1853 2486 2129 2548 Monteri
2185 2486 2502 2549 iudicibus
2556 2506 2727 2566 pape

256 2581 594 2663 delegatis.
666 2584 811 2644 Act.
841 2582 1017 2644 Vult.
1049 2586 1233 2645 iuxta
1263 2583 1412 2645 eccl.
1442 2602 1488 2643 ε.
1535 2582 1734 2645 Mario
1809 2604 1973 2663 pres.
2005 2580 2332 2645 Marchese
2358 2584 2723 2646 crescentii.

257 2678 520 2741 Barone
563 2678 740 2742 Pere.
787 2680 1208 2761 Bonensegns.
1237 2680 1673 2744 Riccomanni.
1762 2680 2220 2755 MCCXVIIII,
2254 2680 2383 2743 ind.
2413 2680 2599 2755 VIII,
2632 2680 2727 2743 VI

255 2778 388 2838 kal.
433 2778 574 2839 dec.
661 2777 1000 2867 Donzellus
1046 2778 1236 2841 iudex
1277 2780 1414 2840 ord.
1459 2788 1525 2840 et
1566 2786 1701 2839 not..

588 2874 852 2936 Florenz
898 2875 1049 2937 Ast.
1099 2874 1290 2951 (Volt.
1336 2894 1396 2935 π.
1429 2876 1572 2953 191)
1603 2874 1777 2953 Oriq.

259 3036 405 3097 378.
1853 3035 2033 3107 Pisa,
2071 3035 2152 3097 19
2178 3036 2503 3097 Dezember
2543 3035 2725 3099 1219.

385 3119 619 3195 Daniel
659 3134 942 3195 sindicus
969 3137 1262 3195 comunis
1287 3131 1463 3193 Vult.
1495 3152 1710 3194 coram
1740 3136 2049 3213 magistro
2078 3132 2375 3195 Bandino
2404 3154 2543 3195 can.
2576 3134 2725 3207 Pis„

255 3232 564 3311 delegato
601 3230 836 3293 Vitatis
879 3232 1004 3293 Pis.
1049 3230 1324 3309 archiep.
1368 3231 1645 3311 delegati
1687 3248 1874 3309 pape,
1919 3238 1988 3292 eb
2030 3231 2299 3293 Son-edo
2338 3250 2481 3293 can.
2512 3232 2635 3293 Pis.
2660 3238 2729 3293 et

257 3330 656 3393 Ildebrsndo
697 3348 835 3391 can.
883 3330 1054 3391 Vult.
1099 3329 1532 3407 condelegatis
1555 3330 1625 3389 in
1665 3347 1860 3390 causa
1901 3331 2271 3389 comunis
2326 3330 2533 3391 Vult.
2576 3348 2725 3391 cum

253 3428 537 3498 Eamne,
582 3430 965 3509 Arringeri0‚
1011 3426 1276 3499 placito,
1321 3433 1724 3505 protestatus
1751 3434 1870 3495 est,
1903 3427 2080 3507 quod
2114 3434 2383 3507 paratus
2410 3438 2551 3489 erat
2577 3442 2721 3505 pro-

253 3538 418 3598 bare
437 3536 506 3594 in
535 3536 894 3595 continenti
913 3552 1027 3610 per
1047 3538 1266 3603 testes,
1288 3538 1641 3610 antequam
1669 3532 1873 3593 exiret
1903 3532 2101 3603 Pisas,
2132 3532 2305 3611 quod
2327 3537 2429 3592 est
2446 3533 2727 3594 sindicus

253 3633 442 3696 Vult.
529 3632 922 3692 Protestatio
973 3630 1151 3691 facts.
1205 3630 1366 3690 Pisis
1423 3632 1487 3690 in
1544 3630 1694 3690 eccl.
1752 3650 1802 3690 S.
1847 3631 2046 3690 Mario
2100 3632 2357 3689 maioris
2412 3630 2478 3689 in
2532 3630 2729 3691 choro

251 3755 306 3795 s,
357 3728 588 3791 Evithi
668 3732 735 3790 in
789 3746 952 3807 pree.
997 3726 1264 3806 Henrigi
1314 3734 1451 3788 not.
1496 3727 1604 3805 qd.
1651 3727 2035 3787 Montanini.
2080 3724 2386 3787 Lanberti
2431 3727 2511 3786 de
2560 3724 2725 3789 Valli

249 3832 340 3893 de
381 3826 801 3905 Gsrfagnans.
839 3826 949 3905 qd,
985 3826 1332 3903 Conpagni.
1367 3824 1679 3884 Bernardi
1707 3822 1919 3885 Fazeli
1948 3824 2312 3903 iurisperiti.
2397 3823 2721 3897 MCCXX,

249 3930 394 3991 ind.
436 3926 590 3996 VII,
636 3923 844 3987 XIIII
887 3924 1014 3985 kal.
1059 3927 1185 3985 ian,
1271 3922 1499 3984 Pet-rus
1539 3923 1649 4001 qd.
1679 3920 1861 3983 Fidei
1890 3923 2151 3984 Ottonis
2180 3924 2334 4003 imp.
2365 3922 2557 3983 iudex
2586 3924 2724 3984 ord.

247 4036 322 4089 et
367 4032 507 4087 Μ’
585 4122 850 4183 morem
891 4120 1042 4181 Ast.
1091 4118 1280 4196 (Vols.
1311 4120 1472 4181 1225
1509 4120 1603 4183 VJ
1631 4118 1729 4186 28,
1761 4138 1821 4179 n.
1853 4118 1998 4193 202)
2030 4118 2201 4196 orcq.

251 4296 402 4359 379.
545 4292 558 4309 ⁴
1338 4289 1560 4349 Gasole
1612 4289 1730 4351 Vae
1769 4288 2013 4351 d’Elsa.
2057 4287 2139 4348 23
2178 4286 2501 4347 Dezember
2542 4286 2721 4347 1219.

381 4390 882 4467 F(lorenzettus)
924 4390 1288 4467 prepositus
1328 4387 1688 4448 Casulensis
1727 4392 1796 4447 et
1853 4386 2221 4461 V(esconte)
2276 4385 2467 4446 Collis
2522 4383 2725 4443 archi-

247 4488 471 4572 presb.
515 4490 580 4549 in
623 4507 818 4548 causa
860 4486 1146 4567 Gregorii
1186 4486 1293 4565 qd.
1339 4486 1625 4563 Gregorii
1665 4485 1746 4545 de
1789 4484 2029 4545 Sancto
2070 4483 2447 4545 Geminiano
2498 4488 2724 4542 contra

245 4606 602 4653 comune
633 4585 858 4647 Vult.
903 4586 1142 4647 iudices
1187 4605 1224 4645 a
1266 4604 1436 4664 papa
1478 4583 1756 4662 delegati
1784 4585 1830 4649 ¹)
1872 4590 2135 4661 pet-ente
2174 4583 2475 4659 Gregorio
2516 4601 2555 4639 a
2600 4579 2723 4639 Bo·

405 4793 448 4853 ¹)
485 4790 646 4841 Sion
681 4805 738 4839 π.
779 4791 901 4841 375.
