3817 5642
913 588 1356 643 REGESTUM
1395 589 1774 642 VOLATER
1784 590 1953 641 RAN
1965 590 2082 643 UM

2618 592 2729 642 283

263 786 439 845 inter
479 803 752 845 comune
793 790 860 843 et
901 804 997 864 ep.
1043 784 1264 846 relicta
1305 784 1432 845 fuit-
1489 783 1578 845 ibi
1633 785 1822 863 plena
1879 785 2252 857 iurisdieti0‚
2312 787 2609 863 quamvis
2664 788 2731 847 in

259 883 480 961 pactis
521 881 949 955 contineatur,
995 882 1171 960 quod
1213 882 1378 942 med.
1423 902 1734 961 penarum
1777 888 1844 942 et
1885 882 2251 943 bannorum
2307 902 2607 943 concessa
2645 886 2732 945 sit

260 980 552 1050 comuni,
595 978 770 1057 quod
815 999 943 1039 non
985 984 1084 1040 est
1129 999 1368 1052 verum,
1415 982 1571 1058 quia
1611 980 1692 1040 de
1735 980 2033 1041 omnibus
2076 981 2323 1041 solvere
2367 979 2581 1051 debet,
2666 986 2733 1042 et

261 1076 788 1156 responsionibus
829 1077 1057 1138 sindioi
1097 1079 1405 1151 comunis,
1492 1078 1951 1139 laudamus:
2056 1078 2341 1139 Comune
2382 1079 2591 1139 solvat
2632 1098 2729 1158 ep.

261 1194 388 1253 pro
429 1174 705 1235 emenda
742 1180 810 1233 et
851 1173 1196 1236 refectione
1238 1176 1432 1235 castri
1474 1176 1556 1235 de
1615 1174 1974 1255 Berignone
2032 1176 2244 1237 DCCC
2298 1175 2405 1238 lib.
2466 1176 2591 1236 Pis.
2648 1176 2734 1237 ad

261 1277 489 1333 totum
531 1290 673 1350 aug.
717 1276 787 1332 et
827 1270 990 1333 DCC
1030 1271 1116 1332 ad
1157 1278 1373 1332 totum
1415 1292 1584 1341 nov..
1628 1292 1723 1350 ep.
1756 1272 1957 1333 faciat
1986 1273 2416 1333 remissionem
2447 1273 2527 1332 de
2554 1272 2733 1333 dam·

264 1372 434 1448 pnis,
477 1378 628 1431 ante
669 1372 968 1432 ultimam
1011 1371 1398 1433 solutionem
1441 1378 1704 1451 petatur
1753 1391 1865 1450 per
1920 1378 2267 1451 utramque
2320 1378 2569 1451 partem
2626 1392 2732 1431 ex-

265 1467 486 1545 pensis
527 1467 909 1530 comunibus
950 1466 1354 1529 oonfirmatio
1395 1488 1436 1528 a
1493 1488 1662 1546 papa
1711 1468 1810 1529 vel
1869 1470 2007 1528 eius
2062 1468 2373 1547 delegato.
2432 1469 2554 1546 Ep.
2604 1488 2735 1529 non

265 1566 478 1643 possit
518 1564 768 1642 exigere
809 1562 1065 1625 fodrum
1108 1584 1148 1625 a
1188 1564 1592 1625 naturalibus
1635 1565 1884 1626 oivibus
1913 1564 2015 1643 ,de
2058 1564 2230 1625 Vult.
2288 1564 2737 1625 habitant-ibus

265 1665 340 1723 in
385 1661 902 1739 Ripomaranoia;
946 1661 1032 1722 ab
1071 1661 1439 1723 hominibus
1481 1664 1676 1724 castri
1717 1663 1797 1723 de
1825 1664 2231 1743 Lustignano
2260 1663 2596 1723 solvantur
2622 1682 2737 1741 pro

265 1759 459 1821 fodro
481 1761 772 1837 preleriti
793 1760 1098 1837 temporis
1121 1760 1246 1820 XV
1260 1759 1366 1820 lib.
1401 1760 1522 1820 Pis.
1549 1760 1632 1821 ad
1657 1766 1872 1821 totum
1904 1780 2071 1840 aug.;
2102 1780 2373 1821 comune
2400 1759 2740 1821 rebandiat

267 1858 565 1917 homines
606 1856 688 1917 de
731 1856 1090 1936 Berignone
1132 1857 1534 1919 exbanditoe.
1619 1857 1826 1935 Super
1853 1857 2083 1919 bandis²
2112 1858 2193 1917 de
2223 1857 2739 1937 Ripomaranoia,

267 1954 751 2025 Monteoerboli,
796 1955 1040 2028 Lecoia,
1079 1954 1436 2016 Saraczano
1463 1976 1735 2016 comune
1763 1956 1942 2017 Vult.
1974 1956 2259 2035 inquirat
2286 1955 2367 2016 de
2394 1955 2737 2029 maleficiiS,

267 2053 448 2114 unde
489 2072 620 2113 non
660 2054 1033 2131 imponatur
1073 2072 1243 2131 pena
1284 2054 1634 2132 sanguinis,
1683 2060 2036 2131 antequam
2094 2074 2191 2133 ep.
2238 2072 2305 2138 se
2360 2072 2489 2113 non
2544 2055 2740 2113 intro-

267 2154 521 2221 mittat,
552 2158 620 2211 et
649 2149 814 2211 med.
847 2150 928 2211 de
955 2152 1137 2228 penis
1165 2156 1232 2210 et
1273 2150 1506 2211 bandis
1534 2150 1775 2211 habeat
1803 2170 1924 2229 ep„
1956 2149 2120 2210 med.
2154 2169 2441 2210 comune.
2510 2148 2743 2210 Omnia

271 2247 558 2318 valeant,
583 2266 918 2325 quousque
943 2246 1284 2307 Rainerius
1312 2247 1509 2307 fuerit
1544 2266 1668 2325 ep.;
1700 2252 1927 2325 postea
1957 2252 2175 2326 partes
2204 2252 2509 2306 maneant
2538 2249 2603 2306 in
2626 2264 2743 2305 suo

271 2348 412 2405 iure
441 2348 506 2419 1).
614 2344 780 2404 Lata
819 2345 993 2405 Vult.
1040 2346 1101 2403 in
1151 2344 1430 2406 claustro
1473 2365 1519 2405 S.
1564 2344 1780 2405 Maris.
1865 2344 2067 2405 Millio
2112 2344 2215 2424 qd.
2259 2344 2609 2406 Mastarelli
2660 2342 2742 2404 de

271 2444 508 2503 Buono
551 2442 796 2504 sindico
829 2460 926 2520 ep.
958 2442 1148 2503 Gullo
1175 2442 1422 2503 sindico
1451 2446 1757 2504 comunis,
1791 2442 2007 2504 Presb.
2042 2442 2314 2505 Batone.
2344 2442 2559 2504 Presb.
2592 2441 2741 2503 Gui-

269 2540 513 2601 lielmo.
556 2540 838 2601 Henrioo
865 2540 1190 2601 canonicis
1218 2538 1391 2600 Vult.
1421 2540 1806 2619 Locteringo
1836 2548 2084 2601 rectore
2112 2540 2261 2602 t'ocl.
2291 2539 2373 2601 de
2398 2540 2741 2603 Casaaeano,

269 2636 546 2699 Miohele
586 2636 810 2699 clerieo
852 2638 1136 2715 capituli.
1179 2636 1528 2698 Tholomeo
1556 2640 1636 2699 de
1664 2638 1840 2699 Silva
1869 2638 1949 2698 de
1978 2638 2217 2700 Sancto
2244 2638 2509 2700 Miniate
2536 2638 2745 2701 iudioe

271 2733 788 2813 appellationum
851 2735 1156 2795 comunis
1222 2733 1462 2795 Iacobo
1523 2734 1732 2795 iudice
1795 2734 1875 2795 de
1932 2734 2110 2795 Vult.
2156 2734 2611 2795 Ildebrandino
2664 2733 2745 2795 de

275 2833 510 2893 Aneto,
555 2830 1012 2893 Ildebrandino
1051 2837 1188 2892 not.
1237 2832 1340 2911 qd.
1385 2830 1668 2892 Gerardi.
1714 2832 1978 2893 Matheo
2022 2838 2157 2893 not.
2206 2832 2308 2910 qd.
2356 2830 2637 2892 Danielis
2662 2830 2746 2891 de

277 2930 458 2989 Vult.
485 2936 561 2989 tt.
633 2928 1142 3002 MCCLXXVII,
1176 2929 1304 2991 ind.
1337 2932 1410 2998 V,
1439 2929 1546 2989 die
1573 2931 1736 2989 iovis
1767 2929 2107 2989 XXVIIII
2138 2949 2271 3009 apr.
2346 2928 2618 2989 Iacobus
2636 2926 2743 3006 qd.

273 3028 604 3105 Fiamingi
643 3025 726 3087 de
765 3027 942 3087 Vult.
987 3026 1169 3087 Fred.
1214 3028 1368 3105 imp.
1415 3034 1546 3087 not.
1593 3026 1981 3087 imbreviata
2044 3046 2158 3105 per
2219 3026 2746 3087 Barthalomeum

275 3126 534 3186 dietum
577 3125 955 3187 Barzettum
995 3130 1130 3185 not.
1175 3125 1279 3203 qd.
1325 3125 1597 3204 Galgani
1637 3125 1718 3186 de
1761 3125 1940 3185 Vult.
1986 3124 2384 3185 defunctum.

605 3220 866 3283 Florem
908 3222 1060 3283 Ast.
1108 3222 1301 3297 (Vola.
1343 3242 1409 3282 n.
1456 3222 1641 3298 1023)
1686 3223 1860 3299 Oriq.

277 3420 428 3479 838.
1928 3417 2251 3485 Montieri,
2298 3418 2334 3477 7
2376 3418 2524 3477 Mai
2566 3418 2745 3478 1277.

408 3514 875 3593 Raynerius
917 3534 1012 3592 ep.
1059 3514 1232 3575 Vult.
1279 3516 1518 3575 locavit
1561 3514 1790 3575 Perino
1834 3522 1900 3574 et
1945 3514 2142 3575 Curso
2172 3515 2275 3591 qd.
2308 3514 2618 3585 Andrioli,
2648 3515 2749 3577 Io·

279 3613 484 3675 hanni
528 3612 849 3672 Davinelli
890 3619 956 3672 et
999 3612 1278 3674 Aoeurso
1320 3612 1628 3689 Buatagle
1670 3632 1780 3673 sex
1813 3614 1989 3691 petia
2032 3618 2197 3673 terre
2246 3614 2307 3672 in
2354 3612 2749 3692 BuoignanO,

277 3708 604 3783 Cafatelli,
634 3710 1093 3789 Campopiano,
1125 3710 1609 3781 Montecastelli‚
1641 3709 1900 3771 Cioiano
1930 3730 2046 3787 pro
2075 3710 2293 3770 affictu
2316 3710 2387 3769 II
2406 3712 2751 3772 starinrum

279 3808 490 3887 grani.
573 3809 716 3868 Aet.
741 3807 1058 3869 Monterii.
1143 3808 1512 3869 Primerano
1535 3808 1812 3886 plebano
1838 3807 1921 3867 de
1950 3808 2495 3885 Ripamarranoia.
2522 3809 2755 3870 Baocio

277 3904 395 3983 qd.
441 3904 835 3965 Benoivenni
877 3905 958 3967 de
997 3904 1195 3966 Senia.
1257 3903 1706 3983 Guiglielmino
1765 3902 1942 3964 dicto
2007 3906 2241 3965 Prenze
2294 3904 2373 3964 de
2431 3904 2753 3965 Monteoa·

279 4000 476 4062 stelli.
559 4000 1066 4069 MCCLXXVII,
1111 4001 1242 4061 ind.
1291 4002 1366 4074 V,
1410 4002 1538 4062 VII
1581 4003 1714 4063 mai
1739 4002 1804 4079 ²).

619 4098 774 4161 Volt.
821 4098 1060 4170 AVeac.
1105 4118 1152 4159 ε.
1199 4097 1388 4157 XIII
1416 4098 1540 4158 deo.
1581 4098 1621 4159 8
1664 4118 1726 4157 π.
1761 4098 1840 4158 55
1863 4098 2035 4174 Oriq.
2070 4097 2250 4158 Liber
2276 4098 2518 4158 {urium
2545 4098 2626 4157 18
2652 4100 2752 4159 cit.

285 4294 434 4354 839.
1885 4294 2213 4363 Montieri,
2258 4294 2336 4355 21
2381 4294 2531 4354 Mai
2572 4293 2753 4354 1277.

417 4390 880 4470 Raynerius
919 4410 1018 4472 ep.
1067 4393 1237 4454 Vult.
1283 4393 1522 4452 locavit
1567 4392 1858 4451 Bendino
1905 4392 2171 4452 Martini
2213 4391 2293 4451 de
2334 4389 2615 4452 Cluslino
2642 4410 2753 4467 po-

285 4490 446 4551 dere
485 4491 554 4551 in
594 4490 770 4551 curia
799 4489 882 4551 de
910 4489 1209 4563 Cluslin0,
1241 4492 1488 4568 petium
1523 4491 1586 4549 in
1619 4488 1758 4549 loco
1785 4490 2197 4550 Formioosoli
2224 4495 2293 4548 et
2320 4488 2388 4548 II
2419 4488 2545 4547 alia
2574 4488 2751 4567 petia

443 4704 486 4769 ¹)
523 4703 682 4753 Siehe
726 4720 750 4753 e
777 4705 999 4753 Bistam
1041 4705 1156 4754 und
1196 4705 1663 4766 Geldwirtschast»
1699 4706 1768 4753 II
1807 4706 1931 4757 310.
2107 4704 2149 4765 ε)
2188 4704 2293 4753 Die
2330 4704 2629 4767 completio
2664 4704 2757 4753 des

291 4795 500 4844 Notars
537 4792 682 4852 fehlt.
