3817 5642
836 596 1281 652 REGESTUM
1319 597 2008 654 VOLATERRANUM
2555 601 2659 654 163

178 789 503 868 Β(οῐιίί1ἰί)
548 810 649 870 ep.
695 791 837 852 Son.
887 791 1103 854 Presb.
1137 791 1559 870 Dietiguardi.
1608 792 1847 871 Ugerio
1888 791 1969 853 de
2010 791 2445 854 Podicbonizi.
2493 793 2662 854 Doa-

184 909 337 950 nese
380 889 715 950 cristofori
756 895 841 950 tt.
939 890 1295 952 Dietaviva
1334 892 1486 970 imp.
1534 891 1677 952 aule
1720 896 1855 952 not.

514 987 782 1050 Florem
824 987 977 1048 Ast.
1028 987 1217 1063 (Volt.
1263 1007 1325 1049 n.
1368 988 1513 1066 299)
1558 988 1730 1066 Ονίρ.

178 1183 321 1242 463.
1714 1183 2014 1258 Velm-ra,
2060 1185 2142 1246 22
2177 1185 2228 1245 J
2229 1203 2438 1245 αππιαν
2475 1185 2654 1246 1229.

306 1277 2254 1351 MOCXXVHI,ind.11,xlka1.f0b.Iacobu.Sandei
2282 1281 2498 1343 Vult.
2529 1299 2653 1358 po-

180 1384 481 1450 testas,
524 1380 661 1437 eius
704 1377 1069 1448 consiliarii,
1112 1377 1403 1439 consules
1446 1383 1899 1452 mercatorum,
1955 1378 2232 1440 Iacobus
2287 1379 2655 1440 Baldinocti

178 1473 407 1535 consul
452 1473 838 1551 placitorum
884 1474 1123 1535 Iacobo
1166 1473 1277 1553 qd.
1322 1473 1605 1534 Bondati
1648 1476 1775 1536 civi
1816 1475 1991 1536 Vult.
2075 1474 2169 1536 Te
2207 1475 2482 1536 facimus
2509 1493 2650 1555 pro·

174 1577 547 1633 curatorem
592 1573 659 1632 in
702 1573 879 1632 curia
920 1573 1219 1633 Romana
1261 1590 1477 1633 coram
1519 1591 1693 1652 papa
1732 1579 1800 1631 et
1842 1573 1982 1634 aliis
2023 1573 2110 1634 ad
2148 1574 2652 1652 impetrandum,

172 1669 773 1734 contradicendum.
820 1670 885 1729 in
942 1668 1180 1730 iudices
1250 1668 1761 1730 conveniendum
1818 1677 1885 1730 et
1941 1671 2030 1732 ad
2079 1666 2646 1734 contradicendum

176 1769 505 1828 sententie
548 1766 679 1827 late
722 1768 1191 1827 contumaciter
1232 1773 1457 1828 contra
1502 1785 1775 1828 comune
1816 1787 1934 1848 pro
1967 1759 2294 1848 preposito
2323 1769 2402 1829 de
2427 1769 2652 1831 Monte

175 1866 529 1927 Voltrario.
614 1863 759 1925 Act.
802 1863 980 1926 Vult.
1026 1865 1211 1925 iuxta
1252 1871 1514 1944 pratum
1558 1867 1625 1926 in
1666 1864 1863 1927 domo
1903 1867 2336 1945 Bonpsrentis
2391 1867 2494 1947 qd.
2527 1868 2650 1928 Bo·

176 1965 440 2024 nefidei.
528 1962 809 2024 Rodulfo
854 1963 1077 2023 iudice.
1124 1963 1370 2042 Sigerio
1410 1964 1518 2041 qd.
1552 1963 2018 2092 Boneiidantie.
2051 1963 2392 2044 Albigocto
2421 1965 2648 2026 castal-

171 2059 373 2120 dione
416 2065 500 2120 tt.
583 2060 965 2121 Vincentius
1007 2079 1057 2120 s.
1104 2061 1253 2138 imp.
1303 2067 1433 2120 not

507 2155 773 2218 Plorenz
816 2156 969 2218 Ast.
1017 2157 1211 2234 (Volt.
1256 2157 1419 2219 1228
1460 2159 1541 2219 II
1583 2159 1681 2230 22,
1728 2180 1789 2222 n.
1834 2159 1980 2236 287)
2024 2160 2194 2238 Oriq.

168 2354 315 2413 464.
1774 2352 2068 2425 Vollmer,
2115 2355 2195 2416 13
2236 2356 2422 2417 Mdv-z
2462 2355 2642 2418 1229.

292 2449 795 2518 MOCXXVIII.
827 2451 961 2512 ind.
990 2451 1081 2521 ΙΙ,
1114 2449 1219 2510 III
1250 2449 1337 2510 id.
1383 2456 1574 2512 mart.
1658 2451 1820 2512 Cum
1863 2469 1982 2512 nos
2015 2451 2370 2512 Iacobus
2411 2451 2648 2513 Sandei

170 2548 403 2608 Vult.
450 2555 835 2626 potestas
870 2565 1022 2608 cum
1064 2549 1439 2608 consiliariis
1482 2555 1549 2608 et
1590 2547 1960 2610 consulibus
2001 2547 2382 2627 placitorum
2409 2551 2646 2611 consti-

173 2649 533 2707 tuissemus
572 2645 867 2707 Sor-icum
912 2653 1047 2705 not.
1093 2652 1571 2724 procuratorem
1618 2649 1685 2706 in
1727 2648 1903 2708 curia
1960 2647 2257 2710 Romana
2300 2648 2384 2708 ad
2437 2667 2643 2727 repre-

168 2742 576 2804 sentandum
636 2763 705 2804 se
760 2762 979 2805 coram
1035 2763 1225 2822 papa,
1284 2744 1692 2804 concedimus
1762 2745 1820 2803 ei
1882 2745 2208 2806 licentiam
2273 2747 2644 2824 acquirendi

170 2847 415 2900 mutuo
456 2841 795 2918 pecuniam
843 2858 957 2917 pro
1000 2839 1191 2900 fact-is
1219 2840 1528 2901 comunis.
1614 2842 1755 2901 Act.
1786 2842 1962 2904 Vult.
1996 2843 2064 2902 in
2097 2844 2275 2905 curia
2297 2846 2644 2922 potestatis

170 2937 558 2998 testimonio
600 2936 860 2998 Rodulfi
904 2938 1129 2998 iudicis
1170 2939 1251 2997 de
1294 2937 1535 2998 Sancto
1576 2939 1865 3000 MiniatO.
1896 2939 2340 3002 Bai-tholomei
2367 2948 2497 3002 not.
2529 2941 2642 3020 qd.

167 3035 485 3096 Moronti.
532 3036 803 3096 Batonis
845 3036 952 3114 qd.
998 3033 1333 3096 Simeonis.
1420 3036 1795 3100 Vincentius
1839 3057 1887 3096 s.
1919 3039 2071 3116 imp.
2114 3045 2252 3099 not.

503 3132 770 3196 morem
812 3133 949 3194 Ast
992 3133 1183 3209 (νοιι.
1230 3133 1393 3195 1228
1431 3134 1554 3228 ιῃ
1594 3135 1695 3206 13,
1739 3155 1799 3196 a.
1844 3134 1992 3213 289)
2035 3137 2206 3213 Oriq.

164 3329 305 3388 465.
962 3333 969 3340 ’
1845 3329 2149 3408 Peru-qia,
2194 3331 2233 3390 5
2275 3332 2424 3392 Mai
2460 3332 2639 3394 1229.

286 3423 750 3502 Gregorius
806 3422 921 3483 IX
976 3423 1199 3487 Sancti
1256 3425 1619 3486 Geminiani
1670 3433 1737 3488 et
1791 3427 1871 3487 de
1913 3427 2242 3504 Mar-turo)
2300 3429 2642 3508 prepositis

162 3521 348 3583 Vult.
394 3527 469 3582 et
510 3521 674 3581 Flor.
716 3521 879 3582 dioc.
924 3529 993 3584 et
1035 3524 1329 3600 Sim(oni)
1388 3543 1527 3585 can.
1586 3525 1779 3587 Mass.
1878 3525 2404 3604 Significantibus
2459 3533 2640 3605 pote-

156 3626 361 3691 state,
408 3619 641 3688 iudice,
683 3619 1055 3680 consiliariis
1098 3619 1297 3689 Vult..
1352 3621 1545 3700 quod,
1604 3639 1751 3682 cum
1807 3621 1958 3682 olim
2015 3624 2378 3702 prepositus
2431 3633 2499 3684 et
2537 3643 2640 3684 ce.-

162 3717 455 3795 pitulum
505 3715 747 3777 Montis
802 3714 1112 3777 Vultrarii
1167 3718 1251 3779 ad
1310 3719 1713 3797 (Martinam)
1773 3739 1871 3798 ep.
1930 3719 2365 3782 castellanum
2395 3725 2436 3798 ¹)
2481 3728 2638 3784 tunc

160 3811 587 3892 archipresb„
632 3812 1035 3890 (Martinam)
1080 3814 1667 3876 vicecancellarium
1708 3833 1877 3894 pape
1920 3821 2077 3878 tunc
2118 3816 2286 3878 sicut
2325 3837 2496 3878 nunc
2537 3837 2636 3878 ar·

158 3911 443 3972 chidiac.
488 3908 657 3981 sen„
706 3911 1001 3987 (Lucam)
1046 3911 1194 3972 abb.
1239 3931 1289 3972 s.
1336 3911 1519 3974 Pauli
1561 3911 1643 3973 de
1686 3913 1857 3991 Ripa
1898 3914 2056 3974 Arni
2087 3915 2213 3975 Pis.
2245 3913 2492 3974 litteras
2518 3917 2637 3975 im·
2681 3973 2684 3976 ,

163 4011 633 4087 petrassent2),
684 4009 802 4086 ipsi
849 4008 1259 4086 appellarunt
1313 4016 1382 4070 et
1434 4012 1771 4090 negotium
1829 4011 2144 4092 (Pagano)
2202 4010 2378 4074 Vult..
2424 4031 2524 4090 ep.
2570 4019 2637 4074 et

158 4107 430 4188 collegis
453 4106 503 4181 ⁸)
534 4125 575 4166 a
604 4123 777 4184 papa
799 4105 1121 4166 committi
1142 4108 1495 4184 optinuere.
1524 4108 1773 4180 Quibus
1798 4117 2057 4187 propter
2080 4109 2400 4168 malitiosa-
2432 4111 2634 4188 partis

163 4205 443 4264 adverse
463 4201 737 4282 diffugia
757 4203 1049 4264 decidere
1070 4223 1201 4264 non
1224 4204 1589 4266 valentibus
1604 4207 1971 4284 prepositus
1993 4212 2064 4267 et
2083 4207 2440 4284 capitulum
2467 4209 2636 4286 opti-

164 4305 455 4362 nuerunt
495 4319 537 4359 a
578 4299 764 4362 nobis
804 4300 1124 4361 iudicibus
1154 4301 1551 4374 demandari,
1583 4311 1657 4364 ut
1688 4303 1855 4366 infra
1883 4323 2167 4366 mensem
2196 4305 2633 4384 procederent.

158 4397 329 4460 Cum
374 4403 643 4477 propter
682 4397 1131 4460 altercationes
1172 4401 1457 4478 partium
1512 4403 1798 4478 spatium
1840 4402 2130 4480 elapsum
2171 4402 2417 4477 fuisset,
2475 4403 2636 4466 iudi·

158 4498 351 4560 cibus
394 4515 529 4557 non
568 4495 963 4558 habentibus
990 4499 1495 4559 iurisdictionem
1525 4501 1889 4578 prepositus
1917 4508 1985 4561 et
2012 4503 2368 4580 capitulum
2398 4523 2438 4586 ᾳ
2463 4521 2637 4582 papa

312 4713 355 4774 ¹)
395 4707 545 4760 Οἰαὰ
578 4709 641 4759 di
674 4709 930 4764 clustello:
969 4727 1023 4760 er
1056 4711 1189 4772 tehlt
1225 4713 1311 4762 bei
1347 4713 1526 4764 Gamo.
1714 4715 1757 4779 ⁸)
1796 4713 1956 4764 siene
1995 4731 2048 4766 η.
2092 4717 2212 4767 429.
2396 4717 2438 4780 ο)
2474 4717 2635 4769 Siehe

165 4817 219 4852 n..
258 4801 384 4852 456.
