3817 5642
860 575 1305 630 REGESTUM
1343 575 2027 630 VOLATERRANUM
2569 575 2672 628 193

212 771 351 833 569.
1607 769 2002 845 Gaviqnalla,
2044 770 2083 830 1
2123 769 2448 830 Dezember
2489 769 2668 831 1237.

332 867 859 939 MCCXXXVIL
902 865 1035 927 ind.
1078 866 1183 926 X·
1196 871 1237 943 )‚
1282 866 1409 926 kal.
1454 869 1587 928 dec.
1674 867 1841 940 Quia
1879 868 2155 946 populus
2183 867 2264 927 de
2293 867 2676 945 Gavignalla

210 971 605 1044 conquest-us
646 971 763 1036 est,
807 965 985 1044 quod
1025 963 1285 1041 plebani
1323 971 1390 1025 et
1430 963 1789 1043 capitulum
1832 963 1912 1025 de
1952 964 2222 1026 Chianni
2253 965 2500 1043 tepidi
2483 985 2552 1026 m
2579 963 2669 1024 of-

209 1063 373 1124 ficiis
410 1060 853 1124 ecclesiasticis
894 1062 1159 1124 stabant
1198 1070 1267 1123 et
1309 1062 1453 1122 ideo
1492 1061 1683 1122 multi
1735 1060 2076 1142 populares
2130 1063 2266 1122 sine
2313 1062 2673 1139 penitentia

210 1161 531 1233 obierunt,
577 1161 629 1220 P
646 1179 849 1239 agan
863 1179 953 1220 us
994 1179 1095 1238 ep.
1120 1158 1297 1221 Vult.
1320 1161 1607 1239 precepit
1624 1157 1903 1237 plebano
1925 1166 1994 1220 et
2013 1159 2256 1220 clericis
2277 1159 2358 1220 de
2380 1158 2671 1234 Chianni,

209 1265 285 1318 ut
326 1256 716 1337 provideant
757 1256 1013 1317 ecclesie
1054 1255 1137 1316 de
1175 1253 1558 1334 Gavignalla
1596 1253 1677 1314 de
1719 1253 1950 1334 presb„
1997 1255 2170 1336 quod
2209 1275 2340 1318 non
2360 1255 2668 1316 fecerunt.

211 1355 371 1418 Ideo
412 1373 514 1432 ep.
560 1353 741 1414 dedit
768 1352 918 1414 eccl.
948 1353 1031 1414 de
1057 1352 1433 1434 Gavignalla
1464 1351 1699 1414 habere
1724 1352 2145 1425 sacerdotem,
2177 1371 2370 1432 quem
2399 1355 2605 1432 primo
2635 1375 2674 1414 a

214 1453 399 1531 plebe
426 1451 507 1512 de
528 1450 803 1512 Chianni
823 1448 1101 1530 populus
1120 1449 1357 1511 debeat
1381 1450 1740 1530 postulare;
1784 1451 2017 1530 quodsi
2043 1449 2215 1512 infra
2233 1451 2357 1513 XV
2379 1449 2514 1512 dies
2540 1470 2669 1511 non

211 1552 533 1622 dederint,
573 1550 871 1630 episcopo
912 1554 1355 1626 representem:
1393 1555 1461 1611 et
1502 1549 1773 1630 quilibet
1806 1549 2022 1610 solvat
2048 1549 2367 1610 sacerdoti
2393 1550 2430 1612 1
2461 1556 2671 1612 sexta·

212 1649 381 1710 rium
422 1648 623 1727 grani,
668 1647 740 1708 II
780 1649 985 1710 staria
1022 1648 1217 1721 ordei,
1263 1647 1297 1708 Ι
1337 1650 1684 1710 sextarium
1732 1648 1888 1721 vini,
1928 1649 1960 1708 Ι
1991 1649 2262 1708 matium
2289 1647 2404 1710 lini
2430 1667 2672 1709 annua-

213 1746 353 1817 tim,
402 1745 689 1822 exceptis
718 1743 978 1804 decimis
1005 1745 1349 1806 consuetis.
1432 1745 1580 1806 Act.
1611 1744 1795 1804 iuxta
1822 1743 1974 1804 eccl.
2004 1743 2087 1806 de
2115 1745 2496 1823 Gavignalla
2570 1763 2670 1805 co-

212 1863 347 1904 ram
374 1842 615 1920 Iacopo
658 1841 738 1902 de
778 1841 1073 1903 Pichena.
1118 1841 1394 1902 Stmnno
1424 1840 1505 1903 de
1546 1842 1920 1903 Saraczano.
1967 1842 2229 1920 Pagano
2257 1841 2340 1902 de
2366 1840 2679 1920 Ripama-.

211 1941 448 2000 rancia.
495 1938 803 2000 Michaele
842 1939 1192 2001 castellano
1231 1959 1331 2018 ep.
1378 1937 1658 2020 Rugerio
1697 1959 1841 2001 can.
1888 1939 1970 1999 de
2019 1939 2308 2000 Chianni.
2413 1938 2672 2000 Gualte-

212 2044 433 2098 roctus
478 2039 687 2113 (not.).
772 2037 1071 2115 Paganus
1110 2035 1287 2096 Vult.
1332 2055 1434 2114 ep.
1478 2055 1558 2096 ss.

548 2131 706 2194 Volt.
740 2131 979 2194 AVesc.
1008 2153 1059 2193 s.
1092 2133 1433 2216 Xlllgdec.
1465 2134 1504 2194 4
1532 2153 1594 2193 n.
1626 2133 1709 2194 35
1735 2132 1907 2210 Θήρ.

214 2329 353 2391 570.
1702 2327 1835 2389 San
1881 2327 2177 2398 Miniato,
2223 2327 2263 2388 8
2300 2327 2448 2388 Juli
2489 2326 2668 2389 1238.

333 2425 827 2490 Gebhardus
868 2426 961 2487 de
1002 2427 1450 2488 Arnestein
1488 2426 1737 2504 legatus
1777 2426 2028 2503 imperii
2073 2427 2141 2486 in
2184 2425 2376 2488 Italia
2403 2423 2674 2487 mandat

214 2527 532 2606 (Pagano)
576 2545 676 2603 ep.
718 2532 789 2586 et
828 2525 1091 2587 comuni
1133 2525 1327 2598 Vult„
1372 2529 1446 2584 ut
1486 2525 1655 2586 inter
1694 2543 1762 2584 se
1787 2523 2034 2585 nullam
2066 2525 2377 2586 offensam
2405 2523 2670 2596 faciant,

210 2623 417 2684 donec
448 2622 903 2699 imperatorem
942 2622 1258 2684 consulat.

540 2717 795 2780 Florem.
837 2717 991 2780 Ast.
1038 2718 1229 2792 (Volt.
1272 2739 1337 2780 n.
1367 2718 1511 2793 456>
1553 2717 1727 2795 Oria.
1830 2719 1951 2779 Ed.
1995 2717 2451 2780 Rem-Camici
2500 2717 2594 2780 VI
2637 2716 2674 2777 b

538 2815 637 2876 93.
678 2815 827 2892 Req.
870 2815 1189 2876 B.-F.-W.
1232 2815 1451 2878 13257.
1496 2816 1621 2879 Oct.
1652 2815 1883 2877 Oecina
1925 2816 2024 2876 40.
2583 2861 2588 2866 .

208 3011 352 3070 571.
1840 3011 2134 3082 Volterra,
2179 3011 2260 3072 13
2297 3010 2448 3072 Juli
2488 3011 2668 3072 1239.

332 3105 932 3180 MCCXXXVIIH,
962 3107 1097 3166 ind.
1129 3105 1287 3176 XII,
1318 3105 1540 3168 IIIid.
1565 3107 1669 3168 iul.
1756 3106 2261 3186 Paganellus
2281 3110 2327 3184 ⁸)
2372 3126 2471 3186 ep.
2495 3107 2669 3170 Vult.

206 3204 527 3267 concessit
566 3205 635 3265 in
672 3203 937 3266 feudum
967 3203 1425 3267 Ildebrandino
1459 3211 1528 3266 et
1554 3205 1967 3279 Montanell0‚
1997 3204 2175 3285 quod
2201 3207 2413 3267 tenuit
2443 3207 2670 3268 Ginac-

204 3303 348 3362 cius
380 3303 446 3364 in
472 3307 685 3362 castro
704 3301 785 3362 de
805 3301 1267 3363 Montecerbuli
1294 3308 1361 3362 et
1388 3304 1468 3363 de
1495 3303 1867 3363 Serazzano.
1951 3303 2100 3364 Act.
2129 3302 2307 3364 Vult.
2339 3303 2406 3363 in
2426 3303 2670 3381 palatio

202 3420 307 3478 ep.
401 3400 617 3460 Priore
657 3419 707 3460 S.
745 3397 1027 3460 Martini.
1057 3397 1374 3461 Ubertino
1402 3401 1768 3461 camerario.
1800 3401 2258 3462 Bonaventure
2290 3399 2561 3462 mulatio
2587 3405 2669 3463 tt.

200 3496 561 3558 Iacobinus
600 3502 736 3557 not.

544 3594 705 3656 Volt.
754 3593 990 3656 AVesc.
1035 3615 1088 3653 3.
1118 3595 1306 3656 XIII
1332 3596 1457 3657 dec.
1482 3597 1521 3656 4
1544 3617 1603 3657 n.
1628 3597 1708 3656 42
1730 3595 1901 3673 Θήρ.
1987 3597 2170 3658 Liber
2192 3593 2548 3657 iurium16'
2569 3597 2669 3656 cit.

203 3790 353 3848 572.
1735 3789 2032 3863 Volterra,
2076 3791 2158 3851 27
2197 3791 2446 3866 Auyuct
2487 3789 2668 3850 1239.

330 3886 931 3961 MCCXXXVIIII,
964 3889 1091 3948 ind
1120 3888 1272 3960 XII,
1298 3887 1391 3948 VI
1414 3887 1539 3947 kal.
1566 3894 1713 3947 sett.
1800 3887 2180 3967 Paganus
2205 3907 2304 3965 ep.
2325 3887 2502 3948 Vult.
2527 3908 2671 3965 pro·

200 3985 533 4046 mittimus
554 3984 694 4045 Ilde
694 3984 944 4047 brando
964 3991 1033 4046 et
1054 3985 1444 4046 Montanello
1468 3985 1575 4064 qd.
1612 3985 1922 4062 Mendrigi
1947 3986 2194 4045 solvere
2219 3983 2304 4044 ad
2324 4004 2506 4064 prox.
2525 3984 2669 4045 fest.

202 4101 252 4140 s.
298 4081 639 4144 Michaelis
662 4085 709 4159 ¹¹)
752 4080 950 4142 LIIII
978 4081 1086 4141 lib.
1120 4081 1263 4142 den.
1293 4080 1494 4152 Vult,
1526 4100 1689 4159 quos
1717 4081 2186 4159 expendimus
2166 4101 2232 4142 m
2262 4082 2322 4143 V
2350 4081 2558 4143 bobus
2589 4083 2670 4142 ad

200 4177 603 4240 laborandae
641 4185 877 4251 terras;
920 4199 1065 4257 pen.
1096 4175 1295 4255 dupli,
1326 4179 1546 4240 omnia
1572 4177 1874 4256 dampna,
1905 4197 2219 4255 expensas
2246 4183 2318 4238 et
2344 4180 2670 4248 interesse;

200 4277 571 4354 obligamus
588 4283 838 4338 curtem
866 4275 1199 4356 Aquevive
1220 4283 1285 4336 et
1315 4275 1536 4337 Sancti
1556 4273 1885 4339 Dalmatii.
1949 4277 2096 4338 Act.
2129 4278 2302 4338 Vult.
2327 4280 2395 4338 in
2415 4275 2542 4355 pal.
2567 4295 2670 4355 ep.

200 4375 423 4436 Ber-na
434 4375 616 4438 rdino
638 4376 745 4454 qd.
768 4374 1164 4435 Montanelli.
1186 4373 1472 4436 Currado
1494 4375 1601 4455 qd.
1626 4373 2010 4436 Rollandini.
2037 4375 2435 4437 Iovannecto
2463 4393 2671 4435 came-

204 4474 381 4535 rario
416 4491 509 4552 ep.
540 4472 857 4534 Ubertino
884 4471 930 4532 f.
964 4472 1157 4533 Guidi
1186 4479 1263 4532 tt.
1348 4471 1799 4532 Gualteroctus
1820 4474 1974 4550 imp.
2008 4480 2179 4534 auct.
2213 4474 2407 4532 iudex
2436 4479 2502 4532 et
2533 4479 2666 4531 not.

356 4688 404 4748 ¹)
449 4685 601 4735 Wom
633 4687 735 4736 wie
768 4687 834 4736 in·
867 4701 921 4736 n.
956 4688 1075 4736 568.
1223 4687 1263 4751 ῗ)
1300 4686 1501 4736 Βίωοη
1540 4687 1753 4736 Namen
1787 4686 1942 4748 sithri
1979 4688 2069 4736 der
2107 4685 2330 4746 Biachos
2367 4692 2518 4735 sonet
2563 4701 2673 4734 nur

200 4778 263 4824 in
315 4775 503 4825 coine?
546 4773 782 4837 Juqond.
965 4773 1009 4838 ³)
1045 4774 1348 4836 Septemb&-
1384 4777 1469 4827 29.

443 4953 502 5000 13
