3817 5642
901 536 1346 591 REGESTUM
1380 536 1542 590 VOL
1549 538 1704 591 ATE
1711 537 2074 591 RRANUM
2610 536 2717 591 289

245 734 393 793 855.
1846 733 2138 807 Venena,
2184 734 2265 793 13
2306 734 2493 794 Mdrz
2533 734 2713 795 1278.

273 884 278 887 .
376 829 882 899 MCCLXXVII,
927 830 1057 891 ind.
1100 828 1214 902 VI,
1258 828 1432 890 XIII
1475 835 1664 891 mart.
1758 829 1900 890 Act.
1959 830 2136 891 Vult.
2194 831 2263 890 in
2316 830 2561 910 palatio
2614 850 2713 909 ep.

249 926 538 989 Martino
561 932 804 988 rectore
827 928 976 989 eccl.
1000 946 1048 987 s.
1074 927 1300 1004 Angeli
1319 934 1387 987 et
1407 926 1612 1005 presb.
1637 926 1925 988 Arnaldo
1954 932 2197 987 rectore
2220 927 2365 987 eccl.
2391 948 2439 988 s.
2464 926 2715 989 Stefani

245 1032 330 1085 tt.
419 1024 892 1105 Baynerius
933 1045 1030 1104 ep.
1076 1024 1248 1085 Vult.
1293 1025 1634 1087 mandavit
1675 1025 1870 1087 Nerio
1914 1025 2135 1085 comiti
2164 1026 2269 1103 qd.
2301 1023 2535 1086 Aliocti
2562 1024 2717 1102 ¹)de

247 1121 712 1195 Guardistallo,
755 1128 834 1183 ut
871 1122 994 1183 sibi
1035 1123 1394 1184 dimitteret
1423 1127 1674 1200 partem
1703 1122 2175 1201 aliquantulam
2204 1124 2402 1184 castri
2428 1122 2713 1196 Caesellio,

245 1242 455 1300 quam
496 1221 651 1283 olim
694 1220 775 1283 ab
817 1241 915 1300 ep.
959 1220 1191 1281 habuit
1219 1219 1287 1282 in
1311 1220 1579 1283 feudum
1604 1220 1921 1299 Ugolinus
1958 1222 2038 1281 de
2066 1221 2287 1283 Monte
2316 1221 2625 1283 Scudario
2650 1226 2717 1281 et

249 1320 620 1399 Raynerius
663 1338 876 1379 comes
915 1318 998 1378 de
1031 1316 1290 1397 Bolgari
1317 1318 1380 1395 ¹).
1463 1316 1826 1398 Raynerius
1859 1318 1971 1398 qd.
2002 1318 2224 1382 Iacobi
2250 1318 2443 1380 iudex
2472 1318 2604 1381 ord.
2636 1338 2717 1381 ex

247 1416 730 1477 abbreviatur-is
772 1415 991 1477 Iacobi
1033 1414 1139 1493 qd.
1187 1414 1430 1476 Posche
1469 1417 1691 1495 patris.

584 1514 748 1576 Volt.
793 1512 1034 1575 AVesc.
1066 1532 1115 1572 3.
1147 1510 1338 1573 XIII
1364 1512 1488 1573 dec.
1521 1511 1562 1573 8
1587 1532 1652 1573 n.
1682 1512 1764 1575 52
1805 1512 1980 1589 Oria.
2014 1512 2195 1575 Liber
2234 1515 2476 1575 {urium
2518 1512 2575 1574 8‘
2612 1516 2714 1575 cit.

250 1808 396 1866 856.
1778 1805 2145 1883 Ber-ionem,
2190 1806 2273 1867 30
2312 1806 2499 1868 Miirz
2538 1806 2716 1868 1278.

383 1904 825 1964 Rainerius
867 1900 1041 1963 Vult.
1084 1922 1181 1982 ep.
1227 1903 1512 1981 Ardingo
1540 1904 1733 1982 priori
1761 1902 1842 1963 de
1869 1902 2143 1964 Casallia
2172 1903 2471 1982 plebatus
2498 1901 2717 1965 Sancti

251 2001 640 2065 Geminiani.
725 2000 937 2063 Presb.
983 2000 1277 2063 Ventura
1313 2007 1524 2063 rector
1576 2000 1723 2063 eccl.
1768 2002 1848 2061 de
1903 2000 2184 2061 Paterno
2242 2001 2426 2064 nobis
2479 2002 2719 2081 suppli·

250 2102 453 2169 cavit,
498 2104 576 2159 ut
616 2100 674 2159 ei
716 2097 1040 2161 licentiam
1067 2099 1481 2179 permutandi
1507 2099 1971 2179 possessionem
2002 2099 2146 2159 eccl.
2180 2098 2353 2161 intra
2379 2100 2719 2160 circuitum

250 2197 457 2260 castri
494 2197 576 2258 de
615 2194 924 2257 Maczolla
952 2216 1100 2271 cum
1127 2197 1254 2256 alia
1279 2196 1536 2257 utiliore
1564 2196 2093 2275 impenderemus.
2124 2196 2529 2269 Mandu-mus,
2565 2216 2717 2276 qua-

251 2299 436 2357 tinus
491 2292 816 2365 accedens,
857 2295 914 2355 si
953 2294 1268 2381 inveneris
1309 2315 1388 2355 ex
1442 2294 1919 2373 permutatione
1973 2294 2327 2355 utilitatem
2388 2292 2534 2355 eccl.
2576 2313 2719 2373 pro-

253 2393 488 2465 curari,
554 2392 838 2455 Venture
899 2392 1222 2455 licentiam
1277 2391 1630 2472 impendas.
1737 2392 1886 2453 Dat.
1946 2392 2309 2471 Berignone
2365 2391 2722 2471 penultimo

254 2488 612 2561 111art..VI
654 2488 783 2550 ind.
2026 2506 2031 2521 ¹

578 2586 784 2649 Imm
825 2589 894 2649 in
935 2607 999 2648 n.
1045 2587 1167 2648 868
1217 2588 1416 2665 (Oria.
1472 2586 1635 2648 hatte
1677 2606 1906 2664 ornnes
1956 2587 2369 2679 chhseieqel
2410 2590 2527 2649 mit
2566 2586 2723 2649 Bild

587 2686 752 2746 eines
793 2684 1078 2761 Bischop‘s
1119 2685 1252 2747 und
1291 2684 1569 2763 Leqende
1607 2682 1670 2745 S.
1717 2684 2001 2745 Rainerii
2044 2687 2151 2764 'epi
2192 2684 2605 2763 Vulterrani)

251 2979 403 3040 857.
1961 2977 2179 3050 Roma,
2224 2978 2264 3037 9
2305 2979 2499 3057 April
2538 2980 2720 3041 1278.

383 3074 700 3138 Omnibus
760 3074 1036 3137 Iacobus
1091 3096 1230 3137 can.
1287 3074 1729 3146 Bononiensis,
1784 3076 2189 3137 decretorum
2246 3076 2498 3149 doctor,
2554 3096 2725 3157 pape

253 3195 286 3234 c
306 3171 630 3253 ipellanus
669 3178 736 3233 et
775 3172 1138 3235 litterarum
1181 3174 1725 3235 contradictarum
1767 3173 2043 3233 auditor.
2129 3173 2193 3234 N
2196 3176 2475 3245 overitis,
2526 3175 2721 3252 quod,

251 3292 408 3333 cum
452 3271 622 3331 inter
646 3269 960 3332 Iacobum
987 3271 1238 3331 dictum
1263 3272 1515 3350 Lapum
1543 3278 2027 3349 procuratorem
2056 3272 2426 3349 potestatis,
2458 3271 2722 3347 consilii,

253 3369 556 3431 comunis
598 3368 792 3429 castri
831 3368 914 3429 de
953 3368 1192 3429 Sancto
1234 3368 1610 3429 Geminiano
1649 3373 1718 3428 et
1759 3367 2155 3447 Phylippum
2204 3368 2285 3429 de
2324 3367 2553 3430 Leccio
2579 3388 2729 3449 pro-

253 3472 627 3527 curatorem
671 3464 1123 3543 (Rainerii)
1167 3486 1264 3545 ep.
1306 3464 1481 3527 Vult.
1525 3484 1716 3543 super
1757 3466 2266 3546 incompetentia
2311 3467 2434 3528 loci
2470 3472 2536 3528 et
2564 3466 2723 3527 iudi-

253 3585 410 3625 cum
454 3563 622 3625 foret
663 3565 731 3624 in
771 3583 916 3625 mea
957 3566 1276 3642 presentia
1318 3564 1610 3641 ligatum,
1653 3563 1929 3623 Iacobus
1966 3565 2316 3644 plebanum
2348 3564 2557 3627 Castri
2582 3563 2723 3625 Flo—

251 3663 502 3722 rentini
541 3668 608 3721 et
649 3661 1005 3741 Phylippus
1046 3662 1409 3739 Banfoliam
1451 3680 1587 3720 can.
1633 3659 1834 3738 plebis
1873 3662 1957 3722 de
1998 3660 2169 3723 Colle
2217 3664 2400 3723 vallis
2445 3662 2590 3723 Else
2633 3664 2726 3722 iu-

253 3762 436 3821 dices
479 3759 802 3838 elegerunt
843 3765 909 3819 et
952 3779 1067 3820 nos
1108 3760 1506 3838 prepositum
1549 3756 1692 3818 eccl.
1739 3757 2066 3821 Pratensis
2108 3760 2403 3839 partibus
2442 3761 2727 3821 medium

251 3864 322 3919 et
365 3876 778 3919 communem
820 3858 1098 3919 iudicem
1141 3856 1617 3934 deputavimus,
1663 3858 1759 3919 ita
1798 3861 2038 3929 tamen,
2079 3857 2255 3935 quod
2282 3858 2522 3919 iudices
2552 3860 2727 3937 apud

255 3957 538 4017 Pratum
557 3953 786 4015 Pistor.
803 3954 963 4015 dioc.
983 3956 1371 4016 conveniant
1393 3952 1736 4013 tractaturi
1756 3953 2111 4014 secundum
2136 3952 2447 4032 scriptum
2472 3974 2639 4032 pape
2658 3954 2725 4027 ²).

254 4055 338 4115 In
383 4054 569 4115 cuius
598 4052 1038 4115 conventionis
1079 4052 1522 4113 testimonium
1565 4051 1814 4111 litteras
1839 4058 2167 4129 presentes
2197 4052 2333 4111 fieri
2358 4050 2626 4111 fecimus
2660 4057 2728 4110 et

256 4151 592 4212 audientis
619 4150 1168 4211 contradictarum
1195 4145 1402 4227 sigillo
1429 4148 1681 4209 muniri.
1742 4149 1919 4216 ,Dat.
1950 4147 2155 4207 Rome
2184 4148 2358 4227 apud
2389 4166 2437 4209 s.
2462 4146 2726 4209 Petrum

253 4249 316 4309 V
359 4248 449 4309 id.
496 4266 652 4327 apr„
681 4246 932 4308 Nicolai
969 4267 1138 4327 pape
1180 4247 1285 4308 III
1325 4250 1508 4325 pont.
1553 4244 1605 4305 Ι.

594 4344 736 4405 Volt
799 4344 1040 4405 AVa-sc.
1084 4365 1135 4405 3.
1181 4344 1371 4403 XIII
1410 4342 1531 4403 dec.
1579 4342 1618 4402 8
1656 4362 1721 4403 η.
1766 4342 1846 4403 53
1901 4342 2074 4420 Oriq.
2138 4342 2370 4421 (Sieqel
2408 4344 2725 4421 verloren).

589 4440 724 4502 San
768 4442 1148 4517 Gimiqnano
1191 4436 1426 4501 ACom.
1472 4440 1651 4499 Liber
1692 4439 1949 4499 blancus
1994 4440 2070 4499 75
2113 4440 2267 4517 Cop.
2310 4460 2357 4501 ε.
2404 4440 2595 4501 XIII
2634 4461 2729 4505 ex.

261 4750 306 4813 ¹)
353 4749 476 4799 Aue
513 4746 633 4795 dem
670 4746 858 4795 Haase
899 4745 1270 4794 Gherardesca.
1420 4746 1464 4810 ²²)
1502 4745 1774 4805 Imeriert,
1815 4744 1957 4793 siche
1995 4760 2049 4794 π.
2094 4748 2211 4795 354.

489 4924 553 4971 19
