3817 5642
913 584 1360 639 REGESTUM
1396 585 1502 638 VO
1511 586 2079 641 LATER'RANUM
2617 586 2721 639 291

253 786 488 846 Iannis
529 784 610 843 de
651 781 1158 844 Cavelcantibus
1198 780 1448 843 civibus
1489 781 1652 841 Flor.
1699 782 2127 860 repreealliam
2184 786 2412 843 contra
2457 802 2727 843 comune

251 890 330 945 et
375 884 664 943 homines
705 881 786 942 de
830 880 1007 940 Vult.
1055 899 1258 959 usque
1298 881 1384 942 ud
1422 880 1491 940 M
1530 878 1636 940 lib.
1683 880 1870 952 Flor.;
1914 880 2249 941 fideiussor
2284 880 2431 943 Geri
2462 880 2565 959 qd.
2608 880 2723 941 Te·

253 981 468 1061 gherii
512 978 870 1041 Giamberti
927 978 1008 1039 de
1061 977 1577 1039 Cavalcantibus.
1724 979 1864 1037 Act.
1909 978 1980 1037 in
2018 978 2142 1056 pal.
2210 977 2497 1038 comunis
2558 978 2722 1038 Flor.

251 1076 812 1149 MOCLXXVIII,
855 1076 988 1137 ind.
1034 1076 1146 1149 VI,
1191 1074 1329 1136 XII
1371 1075 1546 1136 iunii.
1631 1074 1892 1136 Andrea
1920 1080 1985 1135 et
2028 1074 2367 1135 Salamone
2409 1075 2725 1135 iudicibus

254 1176 506 1237 vicarii.
550 1174 844 1237 Iohanne
884 1172 966 1233 de
1007 1172 1298 1235 Viterbio
1353 1176 1486 1233 not.
1543 1174 1742 1251 ipsius
1782 1178 1862 1232 tt.
1970 1172 2329 1233 Bonaiutus
2389 1172 2727 1233 Dietisalvi

253 1282 398 1335 not.
445 1293 524 1333 ex
567 1272 731 1332 actis
769 1277 838 1332 et
877 1272 1360 1332 stantiamentis
1403 1271 1706 1331 comunis.

587 1368 860 1459 Florenz·
887 1367 1040 1429 ASt.
1076 1368 1265 1445 (Volt.
1294 1389 1358 1429 n.
1390 1369 1577 1443 1037)
1608 1368 1760 1445 Oop.

256 1572 404 1629 862.
1873 1564 2167 1635 Volterra‚
2213 1565 2292 1626 21
2334 1566 2383 1625 J
2386 1584 2501 1625 um
2543 1563 2723 1625 1278.

389 1660 934 1732 MOCLXXVIII,
978 1662 1106 1723 ind.
1151 1661 1266 1733 VI,
1307 1660 1410 1723 die
1451 1660 1621 1722 XXI
1663 1663 1790 1722 iun.
1876 1663 2019 1721 Act.
2051 1662 2408 1722 Vulterris
2390 1682 2455 1722 m
2483 1662 2727 1741 palatio

257 1786 362 1843 ep.
451 1761 808 1823 Guiduccio
851 1760 1163 1821 Guidonis
1190 1760 1272 1821 de
1299 1760 1630 1821 Ubertinis
1657 1766 1723 1821 et
1751 1760 1979 1839 Arrigo
2006 1759 2283 1838 plebano
2307 1779 2355 1820 e.
2386 1758 2615 1839 Reguli
2646 1766 2724 1820 tt.

257 1864 324 1923 R
341 1882 382 1921 a
397 1861 634 1941 yncri
651 1878 740 1921 us
781 1878 882 1937 ep.
927 1856 1101 1920 Vult.
1135 1858 1374 1919 locavit
1400 1856 1584 1919 Colto
1611 1856 1931 1919 Albertini
1958 1858 2039 1918 de
2066 1857 2451 1919 Serrazzano
2480 1858 2725 1936 petium

257 1962 387 2021 sub
431 1957 694 2020 castello
737 1958 802 2019 in
845 1957 1040 2034 vigne
1083 1955 1252 2017 Sassi
1307 1958 1494 2016 iuxta
1549 1956 1929 2016 Guittonem
1984 1962 2117 2016 not.
2162 1962 2229 2015 et
2281 1955 2557 2017 Ciaffum
2610 1974 2727 2034 pro
2790 2034 2797 2043 ι

257 2076 443 2137 pens.
486 2056 580 2117 VI
622 2055 766 2115 den.
815 2055 962 2127 Pis.;
1004 2074 1147 2134 pen.
1206 2053 1339 2114 XX
1381 2053 1490 2114 sol.
1535 2053 1678 2114 den.
1723 2053 1846 2114 Pis.
1946 2054 2309 2132 Raynerius
2347 2055 2456 2133 qd.
2506 2052 2727 2115 Iacobi

259 2156 462 2217 iudex
503 2154 638 2215 ord.
682 2172 762 2213 ex
804 2150 1276 2213 abbreviat-uris
1316 2151 1538 2213 Iacobi
1575 2158 1711 2213 not.
1755 2152 1860 2229 qd.
1906 2150 2149 2212 Posche
2188 2153 2394 2231 patris
2436 2152 2577 2213 mei.

600 2249 756 2310 Volt.
788 2248 1028 2311 AVao.
1057 2268 1109 2310 κ.
1138 2248 1329 2309 XIII
1357 2247 1482 2310 dec.
1512 2249 1552 2310 8
1577 2269 1638 2309 n.
1671 2248 1750 2309 67
1777 2248 1949 2325 Oriq.

262 2450 408 2509 863.
1115 2444 1610 2505 Montaocianico
1651 2444 1742 2505 im
1781 2444 2089 2521 Μαρεῑῑο,
2132 2446 2215 2505 20
2254 2444 2507 2507 Oktober
2546 2446 2723 2507 1278.

390 2542 934 2615 MCCLXXVIII,
979 2542 1110 2603 VII
1151 2542 1304 2613 ind„
1335 2540 1468 2601 XX
1496 2548 1622 2603 oct.
1705 2540 1862 2602 Neri
1899 2542 2005 2619 qd.
2052 2542 2206 2603 Neri
2246 2540 2548 2603 Piccolini
2575 2546 2727 2620 ¹)de

259 2646 533 2707 Ubertis
575 2662 692 2722 pro
732 2642 1006 2704 dimidia
1046 2646 1230 2719 parte
1271 2640 1451 2701 heres
1493 2641 1697 2718 patris
1739 2645 1804 2700 et
1846 2659 1965 2718 pro
2022 2640 2149 2701 alia.
2202 2640 2503 2702 Farinate
2526 2642 2574 2720 ²)
2618 2645 2725 2720 qd.

259 2742 490 2805 fratris
529 2740 726 2819 ipsius
769 2738 1108 2799 constituit
1150 2737 1503 2800 Guerinum
1539 2736 1643 2815 qd.
1679 2735 2043 2798 Dominichi
2070 2738 2403 2799 absentem
2430 2758 2727 2817 procura-

262 2850 478 2901 torem
519 2837 606 2898 ad
645 2836 935 2899 dandum
977 2835 1396 2914 Raynerio
1436 2854 1532 2914 ep.
1578 2834 1751 2895 Vult.
1794 2835 1961 2896 duos
2014 2834 2285 2896 florenos
2338 2856 2563 2899 aureos
2610 2857 2727 2915 pro

261 2938 576 3025 pensione
619 2935 818 2996 trium
863 2952 1196 3003 annorum,
1236 2930 1478 2993 scilicet
1520 2931 1686 2994 med.
1731 2932 1955 2994 floreni
1982 2934 2341 3003 annuatim,
2374 2954 2491 3012 pro
2517 2945 2729 2996 castro

259 3036 344 3096 de
393 3032 778 3103 PuliccianO,
823 3038 892 3092 et
933 3032 986 3090 si
1027 3030 1172 3109 plus
1217 3030 1316 3092 vel
1357 3028 1568 3093 minue
1610 3036 1794 3104 esset,
1837 3036 1906 3092 et
1951 3030 2035 3091 ad
2075 3030 2292 3092 danda
2335 3034 2571 3105 omnia,
2602 3052 2728 3113 que

264 3132 550 3193 deberet.
635 3130 806 3191 Acta
842 3125 1279 3207 sollempniter
1317 3128 1386 3190 in
1425 3135 1638 3206 castro
1677 3127 2229 3199 Montaccianichi.
2312 3128 2729 3191 Caurennello

263 3227 598 3289 Ubaldini.
641 3227 988 3288 Tomasino
1027 3226 1339 3305 Raynerii
1363 3226 1446 3287 de
1473 3224 1801 3305 Gagheno.
1835 3226 2019 3288 Gallo
2045 3245 2148 3287 ser
2174 3225 2426 3288 Giliotti
2466 3227 2545 3288 de
2579 3227 2725 3289 Car-

263 3326 648 3406 mingniano
689 3330 768 3385 tt.
853 3324 1066 3387 Guido
1107 3323 1439 3385 Ronacchi
1477 3324 1558 3385 de
1598 3322 1776 3385 Luco
1815 3323 2011 3385 iudex
2052 3329 2118 3384 et
2160 3331 2291 3384 not.

603 3421 764 3484 Volt.
797 3421 1038 3484 AVex.
1068 3441 1119 3482 ε.
1153 3419 1343 3482 ΧΙΙΙ
1383 3421 1554 3499 App.
1581 3440 1644 3482 n.
1675 3420 1757 3482 12
1783 3420 1957 3497 Oriq.

265 3623 412 3681 864.
1719 3614 2014 3688 Volterra,
2058 3617 2141 3678 23
2179 3616 2507 3678 Dezember
2544 3619 2723 3682 1278.

389 3714 1590 3789 MOCLXXV111‚ind.V11,XX111
1634 3714 1768 3777 dec.
1865 3714 2165 3777 Schiatta
2200 3722 2489 3796 potestas
2531 3719 2726 3791 Vult„

266 3819 545 3891 anziani,
589 3817 928 3879 consiliarii
970 3816 1260 3877 fecerunt
1300 3816 1712 3895 Frederigum
1753 3816 1859 3893 qd.
1904 3815 2148 3877 Ruffoli
2190 3816 2269 3877 de
2310 3815 2483 3877 Vult.
2535 3819 2726 3881 sindi-

265 3938 420 3979 cum
447 3915 534 3976 ad
559 3915 1066 3994 comparendum
1094 3933 1308 3976 coram
1337 3913 1694 3974 Ranerio
1736 3932 1833 3991 ep.
1865 3914 2039 3975 Vult.
2070 3920 2139 3974 et
2164 3916 2521 3993 parendum
2548 3936 2725 3978 man-

268 4017 444 4077 datis
485 4016 621 4077 eius
661 4033 779 4093 pro
822 4013 1124 4074 Romana
1147 4014 1293 4074 eccl.
1319 4014 1650 4074 occasione
1679 4013 2147 4083 violentiarum,
2170 4012 2728 4091 depredationum,

267 4117 622 4183 ruinarum,
665 4130 794 4190 que
834 4111 1219 4173 dicebantur
1257 4110 1590 4172 commisse
1631 4128 1744 4189 per
1785 4128 2054 4173 comune
2082 4115 2149 4171 et
2176 4109 2311 4171 eius
2347 4110 2633 4173 homines
2658 4114 2727 4173 in

266 4210 526 4290 plebem
567 4208 808 4270 Montis
837 4208 1112 4269 Vultraii
1152 4213 1220 4268 et
1261 4208 1329 4270 in
1355 4207 1502 4269 eccl.
1533 4228 1581 4269 s.
1611 4206 1940 4270 Michaelis
1966 4208 2337 4271 immediate
2364 4208 2449 4267 ad
2476 4208 2727 4288 plebem

267 4308 704 4389 pertinentem
729 4305 798 4383 ⁸),
843 4324 990 4367 cum
1029 4304 1244 4385 Ugoni
1283 4306 1610 4384 preposito
1638 4325 1752 4384 per
1777 4324 2049 4366 comune
2078 4305 2273 4366 fuerit
2299 4304 2725 4379 satisfactum,

417 4542 460 4603 ¹)
497 4542 610 4590 Der
653 4540 816 4589 ναίω·
853 4540 981 4589 lebte
1017 4540 1152 4589 noch
1193 4542 1328 4590 1270
1365 4540 1582 4601 August
1621 4542 1686 4588 31
1717 4540 2059 4603 (Davidsohn
2100 4540 2481 4605 Forechunqen
2515 4542 2586 4591 II
2624 4544 2726 4593 170

268 4648 322 4683 n.
363 4630 549 4693 1186).
679 4628 724 4693 ⁹)
765 4629 975 4678 Dama
1011 4628 1280 4677 Farinam
1315 4628 1456 4689 deqli
1500 4628 1698 4685 Uber-ti,
1737 4628 1897 4683 star-b,
1939 4628 2035 4675 wie
2077 4629 2396 4679 Davidsohn
2432 4630 2731 4680 Forechuw—

269 4736 372 4784 qen
407 4718 482 4769 II
517 4720 622 4769 126
659 4732 714 4769 n.
758 4718 862 4767 889
905 4716 1048 4767 nach
1086 4717 1188 4766 Del
1225 4718 1414 4779 Lunqo
1452 4717 1600 4766 Dino
1641 4717 1951 4779 Compayni
1988 4718 2021 4765 I
2066 4719 2204 4767 1113
2242 4732 2295 4767 π.
2338 4720 2369 4767 :3
2408 4733 2572 4781 qeqen
2614 4718 2723 4769 Vil-

267 4810 392 4859 lani
425 4808 652 4866 &wei-nt,
699 4808 833 4857 1264
872 4807 1039 4870 April
1078 4810 1159 4857 27.
1307 4806 1349 4869 3)
1389 4808 1479 4855 Im
1515 4807 1644 4855 Juli
1684 4809 1845 4863 1:362:
1885 4807 2029 4855 eiehe
2068 4808 2201 4856 oben
2240 4822 2292 4857 π,
2340 4809 2436 4857 733
2478 4808 2595 4857 und
2640 4809 2727 4859 die
