3817 5642
885 590 1328 645 REGESTUM
1364 590 2054 647 VOLATERRANUM
2587 595 2702 647 205

220 785 449 846 dimus
491 784 791 846 omnibus
856 784 1331 846 hominibus
1384 787 1479 848 de
1535 783 1748 849 Vult.
1807 789 2216 849 securitatem
2259 787 2458 848 eundi
2496 795 2566 850 et
2605 807 2697 850 re-

220 883 477 943 deundi
515 880 714 942 Senas
780 882 863 944 ad
926 885 1253 964 proximas
1295 883 1481 964 [kal]
1507 885 1549 960 ¹)
1592 885 1722 945 ian.
1826 883 2110 946 Nomina
2165 885 2695 948 consiliariorum.

216 981 376 1040 Act.
422 979 604 1041 Senis
631 980 698 1040 in
726 978 877 1040 eccl.
906 999 957 1040 s.
989 979 1384 1042 christofori.
1470 979 1813 1043 Sacchetto
1838 987 1977 1042 not.
2012 981 2474 1044 Ildebrandino
2517 982 2694 1046 Stra·

218 1078 419 1138 tumi.
442 1076 807 1139 Cristofano
834 1079 1124 1140 castaldo
1153 1085 1233 1139 tt.
1319 1079 1958 1162 MCCXLVIILffind.
1987 1080 2133 1154 VII,
2162 1080 2306 1141 IIII
2333 1081 2458 1143 kal.
2493 1102 2690 1142 marz.

220 1175 550 1236 Ranerius
590 1175 784 1236 iudex
826 1183 895 1237 et
933 1183 1070 1238 not.
1113 1175 1156 1236 f.
1202 1175 1688 1256 Boncompagni
1728 1178 2044 1256 Zanghini
2079 1185 2145 1238 et
2171 1197 2340 1239 nunc
2369 1186 2506 1240 not.
2540 1179 2690 1240 Sen.

216 1291 815 1432 Comums·Flooenz
857 1372 1008 1432 Ast.
1058 1369 1241 1447 (Volt.
1285 1371 1449 1432 1248
1490 1373 1569 1432 II
1610 1372 1709 1445 26,
1752 1391 1818 1432 n.
1863 1373 2008 1448 552)
2054 1373 2226 1468 Orfq.

214 1549 359 1609 625.
1991 1551 2189 1628 hyon,
2231 1552 2270 1611 1
2313 1551 2462 1612 Mai
2501 1553 2684 1614 1250.

338 1647 897 1708 Innocentius
939 1646 1047 1708 IV
1087 1647 1289 1708 electo
1330 1646 1507 1709 Vult.
1591 1647 1960 1710 Committit
1999 1650 2060 1708 ei
2095 1649 2550 1710 auctoritatem
2593 1649 2687 1710 di-

210 1743 571 1821 spensandi
610 1743 868 1806 clericos
908 1746 1153 1823 generis
1194 1743 1535 1806 nobilitate
1576 1745 1677 1805 vel
1730 1745 2092 1808 litterarum
2149 1746 2422 1809 scientia
2473 1753 2681 1826 aptos,

213 1848 289 1900 ut-
332 1841 591 1919 possint
628 1843 699 1902 in
740 1839 917 1903 Vult.
960 1842 1227 1903 civitate
1254 1849 1323 1902 et
1349 1843 1586 1904 diocesi
1627 1842 1756 1903 duo
1797 1841 2125 1917 beneficia,
2156 1845 2352 1906 otiam
2381 1846 2436 1904 si
2462 1863 2682 1928 curam

214 1937 510 2000 habeant
570 1941 953 2008 animarum,
1010 1957 1141 2000 non
1195 1937 1499 2000 obstante
1554 1939 1803 2000 concilii
1852 1941 2164 2020 generalis
2218 1942 2682 2004 constitutione

210 2035 513 2096 obtinere
536 2037 601 2109 8).
686 2035 941 2097 «Tuam
984 2035 1340 2097 volentes».
1424 2035 1579 2096 Dat.
1622 2037 1924 2115 Lugduni
1951 2035 2076 2098 kal.
2109 2037 2282 2108 maii,
2313 2044 2497 2118 pont.
2530 2039 2680 2100 VII.

551 2133 702 2195 Volt.
748 2133 990 2195 AVesc.
1040 2152 1089 2196 ε.
1134 2133 1324 2194 XIII
1378 2134 1499 2194 dec.
1542 2134 1584 2193 5
1624 2153 1683 2195 n.
1728 2134 1810 2194 16
1861 2133 2032 2211 Oriq.
2072 2134 2279 2212 (Bulla
2330 2155 2417 2196 an
2469 2135 2678 2212 Hans-

540 2231 813 2308 echnur).
858 2230 1041 2292 Liber
1078 2231 1322 2292 {urium
1361 2231 1417 2292 1'
1460 2232 1556 2292 cit.

206 2419 349 2480 626.
1945 2419 2140 2496 Lyca,
2185 2417 2267 2478 18
2307 2419 2455 2480 Mai
2496 2418 2674 2480 1250.

328 2515 883 2577 Innocentius
926 2515 1032 2576 IV
1076 2515 1277 2576 electo
1317 2515 1496 2577 Vult.
1582 2515 1984 2595 supplicanti
2025 2518 2336 2584 concedit
2384 2522 2460 2576 ut
2501 2515 2678 2578 bona

205 2613 487 2684 illorum,
530 2614 641 2691 qui
682 2614 765 2676 de
804 2613 1099 2690 partibus
1136 2613 1367 2673 Tuscie
1410 2611 1778 2690 F(riderico)
1822 2613 1932 2692 qd.
1970 2613 2340 2690 imperatori
2381 2612 2669 2685 faveant,

204 2710 405 2771 libere
448 2713 651 2789 possit
690 2711 993 2772 invadere
1019 2717 1085 2770 et
1114 2711 1385 2772 retinere
1411 2713 1478 2788 8).
1563 2709 2022 2774 «certantibus
2052 2729 2168 2788 pro
2187 2730 2234 2771 ν.
2318 2709 2470 2771 Dat.
2501 2709 2667 2788 Lug-

203 2809 367 2869 dum‘
412 2806 540 2868 XV
578 2807 707 2870 kal.
750 2808 906 2880 iun„
951 2815 1133 2888 pont.
1177 2808 1327 2870 VII.

538 2906 695 2967 Volt.
739 2906 979 2968 AVesc.
1023 2925 1072 2966 ε.
1116 2903 1308 2970 XIII
1360 2906 1481 2966 dec.
1527 2906 1567 2965 5
1619 2926 1685 2967 n.
1728 2904 1809 2966 17
1861 2905 2031 2981 Oriq.
2092 2905 2308 2980 (Bulla
2346 2905 2668 2981 verlore‘n).

526 3003 683 3066 Edd.
702 3003 1153 3065 Rem-Comici
1174 3003 1272 3064 VI
1290 3003 1335 3064 d
1352 3002 1447 3063 59.
1468 3001 1721 3064 Giacki¹
1748 3002 1964 3062 169:
1987 3005 2006 3034 ²
2023 3001 2159 3062 487.
2184 3002 2519 3080 lema-1¹⁷
2542 3000 2662 3062 -W.

530 3100 691 3161 8176
732 3120 809 3161 zu
852 3101 1028 3162 1249.

200 3289 335 3348 627.
1929 3286 2125 3363 Lyon,
2167 3286 2251 3346 18
2289 3287 2438 3348 Mai
2478 3285 2664 3348 1250.

314 3385 875 3448 Innocentius
924 3383 1033 3444 IV
1073 3383 1275 3446 elect-o
1316 3384 1517 3445 Vult..
1578 3385 1935 3446 Licentiam
1981 3383 2210 3460 tribuit
2245 3381 2662 3462 permittendi

196 3482 571 3545 hominibus
612 3482 779 3544 Flor.
822 3489 893 3546 et
930 3483 1107 3542 Aret.
1151 3482 1340 3554 dioc„
1383 3483 1495 3561 qui
1538 3483 1906 3562 passagium
1949 3483 2014 3543 in
2055 3479 2315 3542 Terram
2352 3481 2660 3544 Sanctam

198 3586 541 3653 voverunt,
592 3587 669 3641 ut
722 3587 953 3643 contra
1004 3579 1423 3656 F(ridericum
1462 3580 1559 3652 II)
1610 3579 1716 3658 qd.
1760 3581 2212 3657 imperatorem
2265 3584 2333 3639 et
2373 3578 2659 3639 fautores

194 3679 392 3756 ipsius
416 3683 645 3740 votum
668 3683 1089 3750 commutent,
1113 3677 1514 3757 eandemque
1534 3675 2000 3756 indulgentiam
2023 3677 2316 3738 concedit
2339 3678 2409 3754 ⁴).
2452 3674 2654 3736 «Cum

194 3778 363 3836 sicut
379 3796 429 3836 ιι.
516 3774 671 3837 Dat.
716 3774 1013 3854 Lugduni
1058 3774 1182 3835 XV
1222 3773 1349 3836 kal.
1392 3775 1545 3846 iun„
1590 3780 1771 3852 pont.
1818 3774 1969 3835 VII.

530 3873 681 3936 Vozt.
726 3872 961 3935 AVesc.
1021 3892 1070 3936 s.
1118 3871 1306 3932 XIII
1358 3872 1483 3933 dec.
1540 3872 1582 3931 5
1620 3892 1682 3932 π.
1727 3871 1809 3932 18
1860 3872 2031 3948 Oriq.
2094 3871 2304 3948 (Bulle
2341 3872 2653 3946 verlorcm).

514 3969 673 4034 ΕΜ.
717 3969 1167 4032 Rem-Camici
1213 3969 1311 4032 VI
1351 3968 1394 4028 d
1434 3968 1533 4030 58.
1578 3969 1799 4030 Giachi
1824 3971 1839 4003 ¹
1886 3969 2114 4030 169:
2144 3973 2163 4001 ²
2190 3969 2307 4028 486
2363 3969 2477 4044 (mi
2551 3969 2656 4028 In-

515 4069 668 4144 cipit
710 4069 919 4130 «Cum
958 4066 1156 4128 fuerit
1173 4071 1247 4142 n).
1292 4066 1438 4143 Req.
1484 4065 1795 4128 B.-F.-W.
1841 4067 2004 4127 8175
2042 4087 2118 4126 zu
2161 4066 2340 4126 1249.

338 4257 381 4322 ¹)
409 4257 565 4306 Femt
601 4257 663 4306 in
698 4257 791 4306 der
832 4255 1126 4312 Urkunde,·
1165 4271 1267 4304 von
1301 4256 1409 4306 mir
1443 4259 1671 4320 erqdnzt.
1856 4255 1897 4316 ²)
1936 4255 2042 4304 Die
2067 4254 2330 4304 erwaeilmte
2359 4255 2651 4304 Konstitu-

140 4368 149 4374 -
190 4345 305 4394 tion
340 4346 413 4394 ist
450 4345 536 4394 die
573 4345 665 4394 dee
699 4345 807 4395 III
844 4343 1282 4394 Laterankonzils
1319 4359 1421 4392 von
1460 4345 1598 4394 1179
1634 4359 1677 4394 c.
1718 4346 1751 4394 5
1780 4345 1844 4407 (c.
1875 4347 1905 4394 5
1933 4343 1990 4392 X
2014 4344 2078 4392 de
2109 4343 2434 4405 praebendis
2458 4344 2564 4393 III
2594 4345 2652 4408 5)

190 4435 305 4484 und
338 4435 433 4484 dee
469 4433 557 4483 IV
582 4433 1023 4483 Later-animai&
1059 4449 1162 4482 von
1204 4435 1337 4484 1215
1374 4447 1417 4482 c.
1458 4433 1525 4482 29
1565 4432 1631 4496 (c.
1673 4433 1741 4482 28
1778 4433 1841 4482 dc
1879 4432 2200 4495 praebendis
2237 4432 2344 4481 III
2388 4431 2462 4495 5).
2539 4431 2650 4480 Der

190 4521 349 4571 Liber
384 4521 593 4571 iuriam
632 4519 683 4570 2'
708 4521 881 4570 cistert
916 4521 1005 4570 ein
1040 4521 1207 4570 haum
1240 4521 1340 4570 mit
1374 4537 1428 4570 π.
1470 4521 1573 4570 625
1609 4520 1929 4570 videnti-echos
1966 4519 2250 4568 Schreiben
2287 4520 2380 4568 des
2409 4519 2644 4581 Papstce

190 4615 387 4660 contra
410 4609 657 4674 prelatos
681 4609 1003 4659 recedentes
1038 4609 1109 4658 de
1132 4610 1375 4659 ecclesiis
1400 4611 1514 4659 suis
1539 4613 1599 4659 et
1622 4608 1697 4658 ad
1720 4609 1933 4659 alienas
1960 4613 2088 4672 part
2099 4623 2147 4656 fs
2183 4623 2242 4656 se
2278 4607 2634 4657 conferentes

188 4700 297 4748 iuis
320 4699 598 4764 spoliati&
618 4699 721 4748 das
745 4699 978 4748 verloren
1002 4700 1086 4748 ist.
1171 4699 1469 4761 Verqleiche
1494 4718 1519 4748 α
1539 4699 1755 4748 Bistam
1780 4700 1894 4748 und
1921 4698 2340 4758 Geldwirtechaft
2371 4711 2396 4746 ο
2424 4695 2495 4746 ΙΙ
2526 4699 2646 4746 278.

191 4789 231 4850 ⁸)
282 4789 581 4853 Voryleicho
617 4788 833 4838 ebendoe
980 4789 1025 4853 ⁴)
1072 4788 1371 4850 Verqleiche
1408 4787 1622 4847 ebenda,
1657 4789 1937 4837 besonders
1968 4787 2321 4848 Anmerkunq
2362 4787 2410 4836 2.
