3817 5642
1104 541 1170 594 12
1747 533 2191 594 REGESTUM
2222 535 2917 596 'VOLATERRANUM

1097 735 1196 796 37·
1223 840 1238 866 ‘
1265 833 1474 894 Boso
1515 853 1788 894 vescovo
1827 833 1915 894 d&
1954 853 1995 894 a
2040 833 2249 896 livello
2290 853 2331 894 a
2374 833 2681 894 Nittardo
2706 853 2743 894 e
2767 835 2983 896 Τοῦτο
3010 854 3099 896 un
3128 737 3563 912 ροίίἶξῖἷῇζ

1099 938 1276 992 corte
1315 931 1382 991 di
1412 931 1474 992 S.
1507 931 1785 992 Eusebio
1811 950 1927 1010 per
1954 931 2117 992 soldi
2142 951 2182 991 o
2210 931 2431 994 denari
2458 937 2503 1008 ²)
2532 931 2815 1010 quindici
2848 932 3063 994 Panno
3104 932 3173 992 di
3198 951 3443 994 canone
3472 933 3562 992 da

1098 1031 1354 1108 pagmi
1395 1029 1496 1090 nel
1539 1030 1762 1108 giorno
1803 1028 1870 1088 di
1914 1027 1975 1090 S.
2022 1027 2227 1089 Maris
2268 1029 2555 1090 Assunta
2593 1049 2629 1090 e
2670 1029 3077 1110 coll'obbligo
3102 1029 3171 1090 di
3210 1029 3561 1092 fabricarvi

1099 1145 1231 1188 ¹¹¹¹&
1269 1145 1590 1286 οωὶῖοὶί.
1637 1223 1874 1286 AVao.
1922 1225 2090 1304 App.
2136 1245 2187 1287 ε.
2232 1225 2297 1286 Χ
2338 1245 2399 1286 η.
2442 1226 2485 1286 2
2524 1225 2743 1304 Reque
2780 1245 2833 1286 ε.
2878 1224 3135 1286 XVIII
3168 1227 3241 1287 in
3266 1225 3562 1286 Galleuis

1420 1320 1824 1400 Copialbuch.
1867 1321 2041 1400 Oria.
2084 1323 2572 1384 wsebaeunden.

1099 1517 1192 1576 38.
2766 1519 3059 1593 Vecta-ra,
3104 1521 3147 1580 9
3190 1520 3373 1580 Marz
3416 1520 3559 1580 960.

1219 1613 1639 1694 Berengarius
1681 1621 1746 1674 ct
1790 1614 2136 1676 Dalbertus
2176 1616 2413 1676 dilecto
2454 1615 2500 1676 f.
2532 1617 2671 1677 eius
2698 1617 2953 1696 regibus
2988 1637 3047 1677 a.
3082 1615 3351 1687 deoimO,
3381 1635 3560 1676 nono

1097 1719 1309 1782 mart„
1355 1713 1484 1774 ind
1531 1715 1744 1772 tertia.
1829 1713 2213 1774 Anselmo
2252 1713 2835 1792 f.b.m.Alp01-ti
2876 1714 3142 1774 clericus
3182 1733 3299 1792 pro
3338 1716 3561 1775 anime

1094 1809 1374 1869 remedio
1417 1809 1616 1870 offero
1659 1809 1797 1870 Deo
1839 1816 1907 1870 et
1950 1831 2000 1869 S.
2050 1809 2399 1888 Optabiani
2428 1811 2599 1871 iusta
2624 1810 2818 1872 domo
2848 1829 2896 1870 ε.
2930 1811 3127 1871 Marie
3154 1813 3559 1890 episcopatui

1095 1905 1306 1966 Volot.
1355 1907 1770 1968 mediet-atem
1796 1907 1880 1968 de
1906 1926 2056 1968 casa
2083 1915 2151 1968 et
2180 1915 2351 1968 sorte
2380 1909 2445 1968 in
2470 1907 2800 1978 Cui-nocie,
2830 1927 2879 1968 r.
2912 1927 3024 1987 per
3054 1908 3309 1969 Rodulo
3338 1928 3555 1980 mass&

1095 2023 1238 2082 pen.
1281 2003 1478 2082 dupii.
1587 2005 1731 2067 Act.
1773 2006 2003 2065 eclesia
2044 2025 2091 2066 s.
2142 2005 2339 2066 Mal-ie
2394 2008 2659 2086 virginis
2712 2012 2781 2066 et
2834 2007 3163 2067 territurio
3202 2005 3555 2067 Voloterre.

1095 2099 1156 2161 S.
1205 2119 1287 2161 m.
1333 2101 1636 2162 Anselmi.
1671 2101 2000 2162 Everardo
2032 2103 2223 2163 iudex
2252 2123 2489 2182 regum.
2518 2105 2745 2164 Petrus
2781 2103 2971 2166 iudex
3002 2123 3240 2183 regum.
3322 2103 3555 2164 Uuini—

1097 2197 1271 2258 hildo
1313 2199 1510 2260 iudex
1556 2219 1794 2278 regum.
1841 2199 2073 2262 Petrus
2116 2207 2248 2260 not.
2292 2221 2374 2260 ss.
2446 2201 2741 2262 Donatus
2784 2205 2919 2261 not.
2948 2220 3189 2281 regum.

1425 2296 1580 2358 Volt.
1625 2297 1949 2375 AOap.·n.
1992 2298 2074 2358 15
2113 2298 2283 2373 Oriq.
2328 2299 2413 2360 In
2452 2299 2632 2359 dorso
2671 2318 2719 2359 ε.
2766 2299 2873 2360 XI
2914 2299 3163 2360 cartula
3208 2299 3289 2360 de
3332 2307 3557 2360 monte

1415 2395 1716 2456 Cornocle
1759 2397 1824 2455 in
1867 2395 2051 2474 plebe
2092 2396 2173 2456 de
2202 2396 2527 2457 FoscisnO.

1099 2589 1192 2648 39.
2780 2587 3076 2662 Vener-ra,
3124 2589 3369 2666 Awyust
3410 2590 3552 2650 960.

1215 2685 1636 2764 Berengarius
1679 2691 1742 2744 et
1789 2683 2178 2746 Adalbertus
2219 2685 2261 2746 f.
2306 2688 2439 2746 eius
2484 2687 2738 2766 regibus
2779 2708 2837 2748 a.
2884 2687 3153 2758 decimo,
3204 2705 3370 2766 aug„
3416 2687 3551 2748 ind.

1093 2785 1306 2844 tertia.
1407 2781 1814 2844 Arnaldus
1869 2783 2208 2844 archidiac.
2252 2785 2519 2846 custode
2559 2785 2707 2845 eccl.
2752 2805 2800 2844 s.
2848 2781 3236 2846 Oetabbiani
3277 2785 3358 2845 de
3399 2805 3551 2845 con-

1091 2901 1278 2946 sensu
1321 2881 1726 2941 sacerdotum
1771 2901 1911 2942 can.
1942 2881 2247 2958 fratum²)
2279 2903 2567 2942 meorum
2596 2903 2703 2942 seo
2746 2883 2975 2944 levitas
3019 2883 3231 2963 adque
3272 2885 3552 2945 ciraticis

1091 2979 1200 3040 lib.
1245 2981 1378 3040 iure
1408 2980 1592 3039 firmo
1621 2979 1812 3040 Perto
1854 2978 1898 3039 f.
1934 2977 2207 3040 Iohanni
2234 2983 2671 3040 consentiente
2702 2983 2987 3060 genitore
3014 3001 3229 3042 casam
3258 2989 3326 3042 et
3352 3001 3455 3042 res
3486 2985 3551 3042 in

1091 3075 1442 3148 Lavaiano,
1470 3096 1522 3137 r.
1572 3077 1764 3136 modo
1813 3097 1924 3155 per
1977 3079 2280 3154 genitore,
2326 3079 2605 3154 pertinet
2659 3078 2739 3138 de
2794 3079 2978 3158 plebe
3018 3101 3069 3140 s.
3114 3080 3329 3152 Felici,
3372 3081 3553 3158 quod

1090 3180 1189 3232 est,
1228 3172 1310 3233 de
1351 3175 1678 3244 canonica,
1725 3193 1838 3252 pro
1882 3194 2054 3252 pens.
2086 3193 2306 3234 annua.
2330 3177 2395 3234 in
2436 3174 2580 3235 fest.
2626 3195 2673 3234 s.
2720 3173 2917 3236 Marie
2956 3179 3023 3236 in
3064 3195 3209 3256 aug.
3240 3177 3551 3237 solvenda.

1089 3289 1221 3348 arg.
1253 3270 1398 3332 den.
1427 3269 1696 3330 duodeci
1728 3269 1786 3330 b.
1819 3290 1962 3348 exp.
1992 3270 2199 3349 qualis
2230 3291 2339 3348 per
2366 3279 2564 3350 temp.
2610 3292 2687 3344 ο.;
2722 3291 2862 3350 pen.
2892 3293 3024 3352 arg.
3054 3272 3169 3334 sol.
3198 3275 3549 3335 sexsainta.

1090 3368 1234 3428 Act.
1281 3367 1631 3428 Voloterre.
1743 3367 2061 3428 Arnoldus
2118 3367 2459 3430 archidiac.
2504 3389 2583 3428 ss.
2628 3369 2691 3430 S.
2737 3389 2819 3430 m.
2864 3371 3055 3432 Perti.
3100 3369 3405 3434 Iohannis
3462 3371 3550 3432 ad

1089 3465 1222 3524 filio
1276 3485 1392 3524 suo
1445 3466 1752 3525 consensi.
1798 3463 2129 3525 Gotserius
2172 3465 2390 3526 levita.
2436 3465 2671 3528 Gundo
2710 3467 2929 3540 levita,
2962 3469 3109 3529 kan.
3146 3474 3216 3530 et
3258 3471 3547 3548 primice-

1091 3563 1241 3622 rius.
1291 3563 1624 3622 Anselmus
1681 3563 1967 3622 subdiac.
2026 3563 2172 3623 kan.
2220 3563 2620 3624 Rainbaldus
2662 3566 2872 3644 presb.
2916 3573 2983 3626 et·
3038 3585 3177 3626 can.
3222 3587 3303 3627 SS.
3349 3565 3411 3627 S.
3460 3587 3543 3629 m.

1091 3660 1402 3720 Everardi
1441 3661 1800 3720 vicedomni
1833 3666 1912 3721 tt.
1948 3661 2212 3721 Berardi
2240 3661 2285 3722 f.
2322 3661 2568 3722 Andree
2600 3669 2679 3723 tt.
2712 3663 2994 3724 Bersrdo
3022 3671 3159 3726 not.
3182 3683 3263 3724 88.
3348 3665 3546 3725 Rain-

1091 3757 1313 3817 bertus
1354 3765 1488 3818 not.

1421 3854 1578 3916 Volt.
1624 3854 1844 3933 Acap.
1889 3876 1952 3916 n.
1983 3856 2064 3916 16
2095 3857 2264 3933 Oriy.

1089 4052 1186 4111 40.
2802 4053 3095 4126 Volterra,
3118 4057 3200 4116 17
3224 4055 3275 4115 J
3276 4056 3374 4116 ult
3400 4055 3541 4116 961.

1211 4150 1628 4227 Berengarius
1658 4155 1723 4208 et
1753 4149 2141 4210 Adaibertus
2170 4152 2403 4211 dilecto
2432 4152 2477 4213 f.
2508 4154 2643 4212 eius
2672 4154 2927 4232 regibus
2968 4173 3025 4213 a.
3072 4153 3195 4226 XI,
3228 4135 3389 4216 XVI
3416 4153 3542 4216 kal.

1087 4248 1320 4324 agusti,
1365 4247 1498 4308 ind.
1539 4253 1793 4325 quarta.
1877 4247 2326 4310 Kamarino
2369 4251 2629 4310 clericus
2658 4257 2725 4310 et
2753 4251 3541 4312 diac.f.b.m.Evera1-di

1087 4363 1202 4422 pro
1245 4343 1523 4403 remedio
1565 4345 1869 4423 genitoris
1914 4346 2113 4406 offero
2152 4347 2346 4407 domo
2388 4369 2437 4407 e.
2472 4347 2667 4408 Marie
2696 4349 2795 4409 fra
2821 4351 2869 4426 ⁸)
2912 4369 3097 4410 mum
3124 4351 3301 4410 civit.
3328 4347 3541 4410 Volot.

1087 4441 1152 4499 in
1189 4445 1512 4517 potest-ate
1541 4440 1894 4500 canonioha
1930 4461 1978 4500 S.
2012 4440 2406 4502 Obtabbiani
2436 4463 2651 4503 casam
2682 4451 2749 4502 et
2776 4451 3015 4505 sortem
3042 4445 3107 4505 in
3138 4445 3539 4514 Roncunula,

1085 4557 1132 4596 r.
1177 4556 1290 4616 per
1331 4535 1439 4615 qd.
1487 4537 1770 4608 Petrum,
1815 4557 2011 4616 quam
2054 4539 2133 4599 de
2174 4543 2461 4620 genitore
2504 4547 2694 4602 teneo
2720 4549 2785 4602 et
2818 4542 3129 4606 Everardi
3158 4562 3269 4622 per
3294 4543 3543 4604 cartula

1235 4745 1276 4807 ¹)
1318 4743 1503 4794 Sicher
1538 4743 1766 4793 denarii.
1915 4745 1956 4806 ⁴³)
1988 4764 1996 4768 ·
2031 4763 2046 4790 -.
2072 4746 2322 4794 fratrum.
2474 4745 2513 4808 ³)
2536 4747 2785 4798 :inem
