3817 5642
1144 620 1247 672 194
1788 619 1895 671 RF.
1900 619 1950 670 G
1961 617 2226 671 ESTUM
2267 616 2711 671 VOLATERR
2717 617 2950 671 ANUM

1266 809 1510 871 Eadem
1550 811 1655 872 die
1696 811 1998 890 Paganus
2041 811 2124 872 ad
2163 810 2438 872 eundem
2483 811 2826 871 terminum
2873 809 3112 871 solvere
3163 807 3595 888 promittimus

1144 907 1195 970 C
1238 907 1343 970 lib.
1387 907 1533 970 den.
1579 907 1755 970 Vult.
1800 927 1918 988 pro
1963 927 2090 971 uno
2131 907 2448 970 desti-ario
2487 907 2600 988 pili
2645 908 2804 985 nigri
2845 917 2912 968 et
2950 906 3244 977 fronzini,
3287 923 3480 984 quem
3515 903 3596 962 ab

1146 1007 1237 1068 eis
1274 1006 1579 1078 emimus;
1620 1005 2000 1086 obligamus,
2044 1023 2170 1086 que
2215 1005 2526 1068 habemus
2569 1007 2634 1066 in
2675 1007 2901 1067 castris
2948 1005 3027 1065 de
3071 1003 3596 1084 Ripamarrancia

1147 1111 1215 1165 et
1262 1103 1579 1166 Set-azano
1619 1110 1689 1165 et
1730 1103 2116 1166 nominatim
2158 1103 2436 1182 pecudes
2477 1123 2624 1164 cum
2667 1101 3124 1164 Ildebrandino
3163 1101 3510 1180 pecudario
3537 1105 3596 1160 et

1146 1200 1387 1262 bestias
1430 1203 1497 1262 in
1538 1201 1904 1261 montaneis
1945 1219 2166 1262 omnes
2193 1203 2258 1277 ¹).

1268 1297 1511 1358 Eadem
1566 1295 1669 1356 die
1728 1297 2029 1376 Paganus
2069 1297 2160 1358 eis
2203 1297 2286 1358 ad
2335 1297 2610 1358 eundem
2659 1298 3000 1359 terminum
3048 1292 3292 1356 solvere
3341 1296 3594 1372 promit-

1150 1396 1345 1457 timus
1398 1392 1892 1456 CCCXXVIIII
1948 1393 2094 1456 den.
2155 1395 2280 1455 Pis.
2341 1395 2500 1474 nigr.
2561 1395 2818 1466 minut,
2873 1412 3144 1472 quorum
3185 1393 3596 1472 expendimus

1148 1491 1587 1554 ccxxvlm
1630 1493 1693 1552 in
1740 1491 2041 1554 Romana
2085 1493 2264 1553 curia
2315 1509 2436 1570 pro
2486 1491 2881 1554 indumentis
2933 1491 3166 1552 nost-ris
3221 1497 3289 1551 et
3343 1487 3594 1552 familie.

1150 1589 1203 1650 L
1228 1589 1519 1650 dedimus
1550 1591 1873 1670 magistris
1902 1587 1985 1650 de
2009 1587 2381 1650 Veohienna
2401 1609 2518 1667 pro
2537 1587 2722 1650 vallis
2741 1597 2808 1649 et
2831 1587 3296 1650 munitionibus
3315 1588 3527 1652 castri,
3554 1585 3595 1643 L

1150 1686 1470 1748 Rainaldo
1492 1686 1713 1748 comiti
1740 1687 1819 1746 de
1846 1685 2346 1748 Monterotundo
2375 1705 2492 1764 pro
2521 1685 2968 1748 additamento
2995 1685 3208 1746 canbii
3228 1685 3310 1746 de
3335 1683 3592 1752 villanis;

1150 1781 1525 1862 obligamus,
1556 1801 1681 1860 que
1710 1781 2020 1842 habemus
2061 1783 2127 1843 in
2169 1783 2396 1842 castris
2433 1789 2500 1842 et
2529 1781 2819 1842 curtibus
2861 1782 2940 1843 de
2985 1781 3510 1859 Ripamarrancia
3537 1786 3596 1838 et

1148 1877 1471 1942 Sal-azano
1526 1885 1593 1940 et
1646 1879 2032 1942 nominatim
2089 1879 2364 1958 pecudes
2421 1899 2568 1940 cum
2627 1878 3081 1942 Ildebmndino
3139 1878 3481 1958 pecudario
3539 1883 3596 1935 et

1152 1995 1369 2040 omnes
1412 1976 1691 2038 besfias'
1704 1981 1745 2054 ).

1479 2074 1640 2136 Vou.
1692 2073 1930 2135 AVesc.
1981 2095 2032 2136 s.
2085 2075 2270 2135 XIII
2299 2075 2426 2136 dec.
2470 2076 2508 2135 4
2554 2095 2612 2134 n
2646 2075 2725 2136 43
2765 2075 2908 2135 zwei
2943 2073 3154 2152 Oriqq.
3197 2075 3409 2148 (durch
3451 2075 3594 2134 Ein-

1468 2169 1721 2230 schnitte
1764 2169 2070 2246 kussiert).

1154 2342 1295 2402 573.
2685 2341 2974 2406 Voltcrra.
3017 2343 3097 2410 27
3139 2341 3388 2417 Auqmt
3426 2339 3590 2400 1239.

1274 2437 1871 2510 Lccxxxvml
1915 2437 2047 2498 ind.
2093 2437 2254 2510 XII,
2297 2437 2390 2500 VI
2431 2438 2560 2499 kal.
2603 2444 2768 2516 sept.
2853 2439 2955 2498 Pa
2971 2457 3230 2516 ganus
3269 2457 3366 2514 ep.
3409 2437 3592 2506 Vult..

1154 2537 1445 2598 infirmus
1484 2555 1748 2615 corpore
1786 2543 1855 2598 et
1898 2537 2230 2598 intellectu
2267 2557 2483 2611 sanus,
2529 2541 2792 2614 mgatm
2836 2559 2878 2599 a
2913 2536 3202 2616 pluribus
3243 2539 3410 2598 circa
3459 2554 3592 2596 eum

1154 2633 1599 2701 existentibus,
1646 2639 1719 2694 ut
1760 2653 2034 2696 comune
2078 2633 2440 2696 absolveret
2480 2635 2564 2696 ab
2605 2635 3272 2696 excommunicatione
3313 2639 3380 2694 et
3418 2635 3594 2694 inter-

1156 2731 1365 2802 dict'n,
1410 2733 1623 2810 ipsum
1664 2729 1946 2792 absolvit
1985 2738 2053 2792 et
2093 2732 2280 2811 signo
2319 2733 2524 2794 crucis
2565 2731 2916 2793 benedixit.
3001 2731 3147 2792 Act.
3178 2731 3358 2791 Vult.
3385 2733 3448 2791 in
3474 2729 3590 2808 pal.

1156 2849 1256 2906 ep.
1342 2828 1807 2890 Aldibrandino
1836 2828 1947 2906 qd.
1977 2829 2308 2907 Mendrigi.
2337 2829 2621 2890 Ourrsdo
2647 2829 2732 2890 de
2749 2829 3228 2892 Montealchino
3248 2827 3421 2890 Vult.
3441 2827 3593 2888 dioc.

1158 2925 1477 3004 Gnidingo
1518 2925 1627 3003 qd.
1686 2925 2020 2986 Frederici.
2089 2925 2445 2987 Guilicln'no
2499 2925 2610 3004 qd.
2657 2925 2969 3005 Aymonis
3025 2924 3106 2986 de
3163 2926 3486 2986 Mentiano
3525 2933 3592 2983 tt.

1158 3022 1503 3102 Iacopinus
1543 3027 1715 3082 auct.
1762 3023 1916 3099 imp.
1961 3021 2139 3100 publ.
2181 3029 2318 3082 not.

1478 3118 1737 3179 Florem
1764 3117 1914 3178 Ast.
1942 3119 2134 3194 (Vols.
2159 3139 2222 3178 n.
2249 3119 2391 3196 468)
2421 3119 2596 3196 Θήρ.
2623 3119 2739 3180 Ed.
2765 3119 3144 3197 Cappelleui
3167 3119 3415 3182 XVIII
3433 3117 3554 3179 239.

1159 3281 1300 3341 574.
3193 3278 3595 3356 (1227-1239).

1281 3377 1657 3456 Pagauus
1724 3376 1901 3438 Vult.
1961 3398 2059 3456 ep.
2119 3377 2306 3440 fratri
2345 3378 2781 3456 L(ucteringo)
2833 3377 3168 3440 archidiac.
3252 3376 3594 3458 Impeditus

1164 3481 1368 3534 terras
1410 3472 1670 3534 circuire
1714 3473 1900 3535 iuxta
1937 3475 2213 3536 formam
2255 3474 2506 3538 concilii
2528 3477 2573 3553 ³)
2619 3481 2686 3536 et
2727 3477 3109 3537 mandatum
3143 3475 3390 3536 factum
3431 3471 3596 3534 uobis

1167 3592 1208 3632 a
1246 3571 1601 3650 G(uifred0)
1630 3577 1675 3648 ²³)
1718 3592 1766 3633 s.
1798 3573 1998 3634 Marci
2025 3572 2228 3652 presb.
2275 3573 2472 3646 card..
2502 3593 2603 3652 ap.
2636 3573 2801 3634 sedis
2845 3573 3077 3654 legate,
3111 3575 3504 3643 mandamus,
3533 3574 3596 3628 ut

1164 3670 1231 3730 id
1272 3669 1489 3742 facias,
1534 3669 1789 3730 clericos
1832 3668 2152 3741 reformes,
2199 3667 2458 3731 rebelles
2499 3688 2612 3748 per
2653 3688 2987 3732 censuram
3029 3687 3415 3747 compescas,
3443 3667 3594 3728 here·

1164 3770 1347 3840 ticos,
1390 3772 1751 3846 potestates
1790 3773 1857 3827 et
1898 3773 2173 3829 rectores
2217 3775 2530 3829 terrarum
2585 3773 2654 3828 et
2705 3773 3060 3828 statutores
3107 3773 3516 3833 statutorum,
3555 3763 3594 3822 si

1166 3863 1324 3942 quid
1364 3869 1590 3924 contra
1629 3864 2087 3926 ecclesiasticas
2129 3863 2457 3925 libertates
2497 3863 2864 3938 statuerint,
2908 3863 3436 3924 excommunices.

1494 3961 1545 4021 V
1549 3961 1652 4020 olt.
1689 3961 1906 4038 ACap.
1944 3983 2002 4021 n.
2038 3962 2156 4023 192
2183 3962 2356 4038 Oriq.

1172 4121 1309 4182 575.
3203 4117 3594 4198 (1212-1239).

1290 4218 1531 4278 Abbati
1575 4239 1621 4278 s,
1670 4217 1942 4296 Calgani
1987 4239 2062 4278 ex
2107 4221 2565 4296 compromisso
2609 4217 2853 4280 arbitro
2905 4217 3075 4279 inter
3132 4215 3592 4296 (Paganum)

1172 4337 1269 4394 ep.
1316 4315 1490 4378 Vult.
1538 4323 1603 4376 et
1640 4337 1733 4394 ep.
1766 4317 2134 4376 Massanum
2161 4319 2207 4394 ⁴)
2251 4313 2570 4377 Corradus
2595 4316 2878 4377 sindicus
2902 4335 3001 4396 ep.
3035 4315 3210 4378 Vult.
3239 4315 3415 4386 dicit,
3444 4308 3594 4391 quod

1174 4413 1334 4474 med.
1382 4414 1573 4473 castri
1616 4413 1999 4474 s'astillionis
2043 4413 2352 4473 Bernardi
2389 4433 2534 4474 cum
2567 4414 2714 4474 eccl.
2747 4433 2796 4474 s.
2829 4413 3058 4492 Reguli
3086 4419 3150 4473 et
3179 4411 3362 4492 plebe
3387 4411 3464 4471 de
3489 4407 3592 4467 Lu·

1320 4640 1689 4698 )¹Son.stue'e
1728 4640 1869 4687 οἵω.
2007 4637 2798 4700 ·)De⁸11⁷11‹m1‹onzils
2980 4639 3128 4687 1215.
3252 4634 3549 4698 ²¹)Seic122’

1179 4727 1381 4788 Leqatoe
1384 4741 1477 4774 var
1528 4728 1645 4776 1·)
1655 4729 1717 4774 ·Ιῖ
1750 4727 1859 4774 und
1891 4727 1970 4774 1⁰·
1965 4727 2052 4779 .’.·9
2078 4725 2177 4774 das
2206 4727 2439 4774 ἱΙαηᾱαϊ
2479 4741 2539 4786 qe
2515 4727 2656 4774 short
2693 4733 2778 4774 ent
2761 4741 2874 4773 cat
2835 4653 3024 4773 vinder
3025 4725 3200 4774 allai
3231 4727 3290 4776 Γ)
3297 4727 3377 4774 ;.)8.
3447 4717 3594 4784 *)Δρ

1180 4817 1285 4864 bert
1320 4817 1441 4863 oder
1478 4815 1701 4864 Haben-II
1676 4832 1769 4863 ran
1778 4815 1825 4864 d.
