3817 5642
1083 604 1190 658 100
1723 602 2171 659 REGESTUM
2206 600 2895 657 VOLATERRANUM

1142 696 1375 703 ——-—.-————

1081 799 1220 861 288.
1709 796 1983 859 volterra
2026 796 2161 857 und
2200 794 2607 869 Montcverde,
2652 795 2734 858 28
2772 795 2907 857 und
2944 796 3027 857 29
3067 796 3318 873 -1uquet
3359 797 3537 859 1208.

1203 894 1557 967 MOOVIIL
1575 894 1704 955 ind.
1729 892 1850 967 XI,
1881 894 1941 955 V
1966 892 2093 954 kal.
2122 900 2282 971 sept.
2370 892 2709 954 Rainerius
2738 892 2941 955 abbas
2967 912 3011 952 s
3046 892 3221 953 Petri
3248 894 3332 955 de
3360 894 3541 955 Μοιι-

1081 991 1341 1054 teviridi
1361 1010 1478 1068 pro
1497 990 1782 1054 utilitate
1803 1010 1976 1053 mon.
2000 990 2281 1053 concedo
2309 990 2495 1051 vobis
2522 990 2858 1053 leonardo
2885 991 2989 1069 qd
3020 990 3195 1051 Gulli
3218 992 3549 1073 etSigerio

1085 1090 1382 1153 Guzolini
1419 1088 1639 1151 Vult.
1683 1090 2173 1151 consulibus
2229 1108 2345 1168 pro
2390 1088 2571 1151 vobis
2612 1095 2679 1149 et
2735 1088 3138 1151 Bonaccoreo
3194 1088 3546 1151 Rolandini

1085 1190 1258 1251 socio
1277 1193 1494 1249 vestro
1513 1187 2017 1249 iurisdictionem
2042 1204 2253 1248 meam
2281 1187 2349 1247 in
2376 1186 2653 1246 castellis
2680 1184 2759 1245 de
2786 1184 3093 1255 CannetQ
3118 1184 3547 1260 Sassa,Quer-

1085 1292 1248 1361 cet0,
1291 1286 1629 1356 Micciano,
1671 1286 1945 1357 Roveta,
1978 1283 2314 1359 Libbiano,
2346 1283 2682 1357 Serenam,
2712 1282 2935 1345 Monte
2964 1283 3271 1365 Ravo[li]‚
3314 1286 3387 1346 in
3420 1284 3551 1346 Ga·

1087 1384 1290 1458 breto,
1334 1386 1404 1445 in
1443 1382 1719 1445 castellis
1759 1384 1841 1445 de
1881 1384 2157 1461 Agnano
2204 1388 2275 1443 et
2324 1382 2801 1463 Montegemoli,
2842 1389 2921 1444 ut
2974 1384 3233 1461 possitis
3286 1385 3549 1445 mittere

1087 1483 1378 1545 consules
1419 1480 1518 1543 vel
1563 1488 1894 1553 rectorem,
1940 1480 2230 1542 homines
2271 1499 2494 1561 cogere
2518 1480 2729 1541 facere
2754 1498 3049 1561 guerram
3078 1486 3148 1540 et
3175 1498 3399 1557 pacem
3428 1500 3549 1559 pro

1087 1580 1292 1653 vobis,
1337 1585 1663 1641 reservato
1703 1578 1898 1639 michi
1940 1578 2105 1639 med.
2150 1578 2535 1658 placitorum
2568 1585 2637 1640 et
2662 1578 3025 1639 bannorum
3054 1578 3246 1639 castri
3272 1580 3357 1639 de
3380 1579 3545 1640 Can·

1087 1686 1244 1741 neto
1263 1685 1334 1740 et
1349 1676 1432 1737 de
1450 1678 1657 1741 Sassa.
1681 1676 1832 1739 Non
1852 1672 2147 1739 alienabo
2166 1677 2375 1737 dictos
2400 1676 2592 1749 locos,
2624 1678 2745 1737 nisi
2764 1675 3053 1757 inquisiti
3076 1678 3252 1756 prius
3278 1676 3547 1739 fuerit-is.

1089 1776 1375 1837 Reservo
1417 1774 1608 1835 michi
1649 1774 2113 1854 proprietatem
2140 1780 2209 1835 et
2236 1773 2713 1835 usumfructum
2741 1774 2808 1836 in
2836 1776 3020 1835 terris
3048 1781 3115 1835 et
3140 1774 3551 1849 hominibus;

1089 1893 1232 1954 pen.
1276 1874 1325 1935 C
1367 1890 1558 1934 marc.
1606 1892 1737 1953 arg.
1778 1874 2013 1952 Accepi
2055 1890 2172 1951 pro
2214 1875 2615 1935 concessione
2668 1872 3141 1952 infrascriptam
3186 1872 3553 1951 promissio·

1091 1992 1258 2035 nem.
1342 1972 1483 2033 Act.
1528 1967 1705 2031 Vult.
1735 1972 1804 2031 in
1830 1970 2026 2032 domo
2065 1970 2507 2032 Ildebrandini
2550 1970 2933 2049 Garganelli.
3020 1970 3427 2032 Bonaiuncta
3454 1973 3549 2032 iu-

1089 2069 1230 2130 dice
1271 2068 1350 2130 de
1391 2068 1569 2129 Vico.
1599 2065 1878 2148 Ugolino
1903 2067 1986 2128 de
2014 2066 2227 2129 Petra.
2260 2066 2450 2129 Gullo
2480 2067 2581 2147 qd.
2614 2064 2873 2127 Faville.
2906 2066 3233 2128 Lanberto
3259 2069 3341 2129 de
3368 2066 3557 2129 Mon-

1091 2167 1427 2244 tetignoso.
1471 2164 1676 2226 Ivone
1703 2164 1986 2243 Sperani.
2018 2163 2479 2226 Ildebrandino
2504 2170 2573 2225 et
2599 2163 2953 2225 Guiscardo
2980 2164 3090 2242 qd.
3120 2164 3293 2225 Bari.
3336 2164 3559 2227 Guido

1091 2265 1172 2325 de
1226 2262 1558 2324 Micciano.
1605 2262 1880 2323 Dainese
1934 2264 2017 2323 de
2070 2263 2277 2324 sassa.
2336 2259 2654 2323 Bonofilio
2707 2260 3031 2323 Tedeschi.
3088 2261 3559 2325 Ildebrandino

1093 2362 1545 2423 Preitemanni.
1601 2357 2025 2421 Gualtarocto
2079 2360 2341 2421 Mathei.
2399 2358 2683 2422 Belforte
2738 2358 3190 2421 Bonafidanze.
3256 2360 3560 2422 Bonavia

1096 2458 1395 2519 Bandini.
1442 2458 1679 2537 Sigerio
1721 2458 1999 2535 Ugolini.
2044 2457 2453 2537 Boninsegna
2492 2466 2625 2519 not.
2672 2456 2987 2518 Palmerio
3026 2457 3427 2521 Bonestrade
3470 2466 3553 2521 tt.

1094 2556 1201 2617 ΙΙΙ
1244 2554 1368 2616 kal.
1413 2562 1570 2632 sept.
1657 2554 1860 2635 presb.
1909 2553 2199 2625 Mic-hoel,
2245 2554 2633 2615 Benedictus
2688 2554 2975 2617 subdiac.
3020 2559 3291 2628 monaci,
3339 2558 3549 2637 presb.

1099 2654 1244 2732 Ugo
1285 2653 1694 2731 cappellanus
1736 2650 2020 2731 cappelle
2061 2654 2142 2712 de
2182 2652 2607 2713 Monteviride
2655 2660 2725 2712 et
2777 2672 2915 2713 can.
2968 2656 3339 2715 monasterii
3390 2654 3555 2715 Leo-

1099 2752 1300 2811 nardo
1321 2752 1652 2830 recipienti
1673 2758 2149 2811 consenserunt.
2222 2750 2364 2810 Act.
2412 2752 2478 2810 in
2504 2750 2883 2811 dormitorio
2904 2770 3071 2811 mon.
3142 2751 3352 2813 Gallo.
3397 2752 3556 2812 Dai-

1100 2868 1262 2909 nese.
1307 2850 1544 2927 Sigerio
1589 2847 1861 2928 Ugolini.
1905 2847 2297 2909 Boutalento
2336 2849 2529 2909 Cenci
2558 2855 2634 2909 tt.
2720 2849 2852 2909 Nos
2880 2848 3252 2911 Leonardus
3284 2850 3451 2911 Gulli
3481 2858 3561 2912 et

1101 2946 1375 3025 Sigerius
1415 2946 1708 3007 Guzolini
1753 2964 1868 3023 pro
1912 2944 2093 3006 nobis
2138 2954 2199 3006 et
2232 2944 2633 3008 Bonaccorso
2662 2946 3009 3009 Rolandini
3038 2947 3262 3009 habito
3290 2947 3559 3009 consilio

1101 3064 1140 3103 a
1183 3043 1365 3104 bonis
1407 3043 1772 3104 hominibus
1813 3044 2251 3122 promittimus
2306 3042 2425 3103 tibi
2484 3044 2785 3105 Rainerio
2840 3044 2986 3106 abb.
3041 3046 3291 3106 salvare
3343 3046 3563 3106 dictas

1103 3146 1323 3213 terrae,
1353 3161 1482 3202 non
1525 3141 1746 3201 tollere
1785 3146 2113 3201 accattum
2144 3141 2243 3201 vel
2273 3141 2547 3213 datium,
2590 3142 2711 3203 nisi
2754 3141 3015 3221 quando
3048 3143 3279 3203 civitas
3307 3162 3419 3222 pro
3446 3162 3557 3204 co·

1104 3242 1279 3299 muni
1309 3240 1558 3299 datium
1593 3239 1844 3311 fecerit;
1873 3239 2165 3317 predicta
2192 3239 2273 3299 de
2312 3240 2670 3300 constituto
2712 3259 2841 3299 non
2882 3238 3291 3314 auferantur;
3332 3260 3470 3319 pen.
3506 3242 3563 3303 C

1103 3346 1292 3397 marc.
1323 3356 1451 3415 arg.
1539 3336 1676 3395 Act.
1715 3335 1887 3395 Vult.
1973 3336 2075 3396 die
2106 3342 2173 3394 et
2202 3340 2360 3407 loce,
2390 3334 2625 3413 quibus
2653 3335 2855 3397 abbas
2882 3336 3037 3397 fecit
3062 3338 3565 3412 concessionem,

1103 3435 1337 3495 eisdem
1382 3441 1460 3494 tt.
1943 3452 1951 3458 ·

1425 3532 1680 3591 Flore-uz
1723 3530 1872 3591 Ast.
1924 3532 2112 3605 (Vola.
2156 3531 2319 3591 1208
2367 3532 2541 3592 VIII
2587 3531 2687 3601 28,
2728 3552 2789 3591 u.
2835 3531 2938 3606 95)
2982 3530 3151 3609 Oriq.

1103 3685 1238 3744 289.
2261 3680 2415 3755 (San
2464 3682 2889 3758 Gimiynano)‚
2932 3682 2973 3743 8
3011 3682 3334 3743 Dezember
3373 3684 3561 3745 1208.

1227 3780 1327 3840 Ad
1369 3780 1673 3839 honorem
1717 3800 1760 3839 s.
1807 3778 2189 3849 Geminiani,
2234 3799 2278 3838 ι.
2326 3779 2523 3839 Marie
2562 3780 2643 3839 de
2683 3780 2859 3840 Vult.
2910 3785 2978 3840 et
3031 3778 3401 3840 Ildebrandi
3456 3801 3557 3861 ep.

1107 3877 1550 3955 Gregorius
1593 3882 1975 3953 potestas
2033 3877 2089 3938 S.
2137 3876 2605 3937 Geminiani
2648 3896 2794 3937 cum⁴
2845 3877 3209 3939 Bonacorso
3249 3876 3355 3956 qd.
3401 3876 3559 3939 Lot-

1107 3976 1273 4045 tarii‚
1317 3975 1599 4052 Henrigo
1628 3973 1991 4044 Cristofani,
2024 3973 2371 4053 Henrigolo
2400 3974 2726 4046 Adalardi,
2758 3975 3122 4036 Bonacorso
3150 3974 3561 4049 Gerarducci,

1107 4074 1390 4134 Fidanza
1430 4071 1775 4133 Guerzonis
1817 4072 1975 4132 meis
2016 4073 2385 4133 consiliariis
2415 4074 2717 4148 iuramus,
2750 4074 2926 4152 quod
2952 4094 3281 4146 canevam,
3312 4082 3559 4137 turrem

1108 4178 1174 4232 et
1216 4171 1548 4248 palatium,
1594 4188 1718 4245 que
1761 4168 1971 4229 Guido
2027 4177 2091 4229 et
2151 4170 2391 4247 Useppi
2447 4178 2513 4229 et
2568 4170 3091 4231 Lambertuccius
3144 4170 3406 4245 habent,
3449 4192 3565 4233 eos

1110 4288 1238 4329 non
1280 4267 1723 4345 permittemus
1753 4265 2045 4327 habitare..
2074 4286 2187 4326 nec
2218 4267 2475 4327 fortiam
2508 4268 2593 4328 ibi
2633 4267 2880 4329 habere.
2967 4267 3321 4342 MCCVIII,
3353 4269 3444 4329 V1
3474 4270 3557 4330 id.

1108 4367 1264 4435 dec,
1309 4362 1434 4424 ind.
1485 4362 1634 4423 XII.

1435 4462 1592 4523 Volt.
1637 4462 1872 4523 Areae.
1918 4484 1963 4521 s,
2010 4462 2198 4521 XIII
2242 4464 2357 4523 dec.
2405 4464 2441 4523 1
2489 4484 2543 4523 η.
2590 4464 2669 4524 17
2710 4464 2878 4542 Oriq.

1110 4611 1248 4669 290.
2721 4608 2919 4681 Elmo,
2965 4607 3044 4669 23
3084 4607 3340 4669 Januar
3378 4610 3557 4671 1209.

1231 4704 1582 4775 MCCVIII,
1619 4704 1678 4762 X
1710 4704 1831 4764 kal.
1863 4704 2011 4772 feb„
2042 4704 2169 4763 ind.
2198 4705 2349 4765 XII.
2464 4705 3014 4766 Ildebrandus
3057 4704 3228 4765 Vult.
3254 4725 3348 4784 ep.
3380 4707 3563 4767 dedit

1111 4806 1174 4864 in
1217 4802 1658 4880 emphiteosim
1717 4808 2089 4879 perpetuam
2141 4802 2485 4862 Benedicto
2540 4803 2762 4863 abbati
2811 4802 3055 4863 Adelmi
3112 4801 3197 4863 ad
3250 4822 3421 4881 pens.
3468 4804 3563 4867 VI
