3817 5642
922 579 1368 636 REGESTUM
1406 579 2123 683 voLATnRRANUM
2633 567 2738 638 17⁷

871 676 948 680 —-
1027 676 1086 680 —
1163 675 1253 682 —.—.
1302 677 1403 682 .-.--
1427 676 1564 682 --—.—
1583 661 1680 682 -4-
1706 677 1856 682 .——„
2358 677 2402 682 —

283 773 491 836 Bocti.
522 773 921 838 Montanello
950 777 1058 854 qd.
1090 775 1424 857 Mendrigi.
1460 777 1755 840 Bandino
1785 779 2180 840 Montanine.
2221 777 2486 840 Alberto
2514 779 2740 840 clerico

282 872 611 952 capellano
651 873 803 935 eccl.
861 873 941 935 de
999 874 1267 948 Quinto.
1298 880 1379 934 tt.
1480 873 2019 950 MCCXXXIIII,
2063 876 2192 936 ind.
2251 875 2400 948 VII,
2460 875 2561 937 XI
2609 875 2737 936 kal.

281 977 444 1051 sept.
543 971 913 1050 Sequuntur
966 972 1293 1050 permulta
1346 975 1741 1034 testimonia.
1834 973 2110 1034 Michael
2134 977 2181 1052 ¹)
2223 981 2358 1034 not.
2403 973 2449 1034 f.
2493 973 2736 1034 Benac-

281 1071 445 1131 cursi
488 1090 524 1130 e
564 1069 727 1131 libro
756 1069 1119 1131 imbreviet.
1152 1069 1551 1132 Provenzani
1580 1077 1717 1132 not.
1748 1071 2039 1132 defuncti
2070 1073 2382 1134 mandato
2415 1072 2738 1152 Frederigi

282 1167 523 1229 Ruffoli
566 1169 647 1229 de
688 1165 866 1230 Vult.
908 1169 1173 1230 rectoris
1212 1171 1407 1228 castri
1450 1168 1978 1248 Ripamarrancie
2015 1177 2086 1230 et
2127 1171 2390 1231 consilii.

610 1265 765 1327 Volt.
800 1265 1037 1327 AVeec.
1068 1285 1119 1326 ε.
1150 1265 1337 1326 XIII
1369 1267 1492 1328 dec.
1524 1268 1565 1328 4
1589 1287 1654 1327 n.
1685 1267 1767 1328 19
1794 1267 1968 1345 Oriq.

279 1463 417 1522 508.
1778 1463 2103 1537 Montieri,
2146 1464 2228 1526 26
2268 1465 2516 1542 Aquae
2557 1465 2738 1526 1234.

398 1557 941 1624 MCCXXXIIII
986 1559 1115 1620 VII
1160 1558 1282 1620 kal.
1328 1567 1465 1632 s³.,et
1514 1559 1645 1620 ind.
1684 1559 1831 1620 VII.
1917 1560 2399 1622 Ildibrandinus
2427 1562 2533 1640 qd.
2567 1563 2738 1622 Men-

276 1657 440 1736 drigi
485 1657 567 1717 de
608 1656 1142 1735 Ripamarrancia
1183 1655 1425 1719 arbiter
1466 1659 1698 1718 tertius
1738 1657 1982 1719 electus
2021 1678 2170 1718 cum
2205 1679 2515 1720 consensu
2549 1660 2742 1722 Iunte

278 1755 539 1834 plebani
568 1755 649 1816 de
678 1755 1078 1832 Lussignano
1106 1763 1173 1816 et
1196 1756 1465 1817 Strenue
1487 1754 1533 1814 f.
1560 1755 1875 1818 Caffarelli
1902 1757 1986 1817 dc
2007 1756 2325 1818 Serazano
2353 1757 2738 1818 arbitrorum

276 1853 626 1915 electorum
670 1872 711 1912 a
751 1852 1081 1932 Pagano
1123 1873 1224 1932 ep.
1268 1853 1445 1914 Vult.
1490 1862 1569 1914 ex
1613 1873 1743 1915 una
1784 1861 1972 1932 parte
2012 1859 2080 1915 et
2107 1854 2424 1917 Pandolfo
2453 1855 2532 1916 de
2563 1857 2740 1926 Man-

275 1953 465 2012 ciano
506 1969 623 2028 pro
662 1969 729 2010 se
771 1955 839 2010 et
878 1950 1224 2030 nepotibus
1264 1972 1344 2012 ex
1386 1951 1591 2012 altera
1632 1971 1823 2032 super
1866 1952 2237 2014 venditione
2281 1952 2459 2016 feudi
2503 1954 2587 2014 de
2625 1953 2738 2016 Ca·

274 2049 535 2109 stilione
576 2047 910 2122 Bernardi,
954 2047 1129 2126 quod
1172 2049 1484 2110 tenebant
1530 2049 1614 2110 ab
1656 2052 1977 2129 episcopo,
2025 2056 2100 2110 ut
2139 2055 2330 2129 patet
2369 2070 2449 2114 ex
2505 2053 2739 2112 instru-

274 2151 503 2228 mento
538 2144 852 2208 Gnidonis
878 2152 1040 2218 not„
1070 2148 1518 2208 sententiavit:
1607 2147 1960 2210 Pandolfus
1989 2147 2178 2208 cedat
2209 2149 2272 2208 in
2301 2149 2741 2211 venditionem

272 2246 581 2323 episcopo
620 2244 799 2304 dicta
838 2243 1030 2316 bona;
1074 2263 1174 2323 ep.
1219 2243 1326 2304 det
1366 2246 1424 2304 ei
1451 2265 1570 2326 pro
1604 2246 1841 2307 eisdem
1886 2245 2036 2307 CCC
2079 2245 2185 2306 lib.
2230 2246 2378 2308 den.
2421 2247 2543 2308 Pis.
2589 2267 2739 2309 nov,

272 2343 429 2420 nig„
476 2340 577 2405 Oc
616 2345 683 2404 in
722 2342 869 2403 fest.
900 2361 951 2402 s,
981 2341 1311 2404 Michaelis
1336 2343 1759 2405 creditoribus
1787 2343 2099 2418 Pandolfi‚
2131 2344 2365 2423 quibus
2405 2343 2598 2406 debet
2627 2365 2742 2425 pro

272 2441 718 2522 recolligendis
758 2440 967 2502 feudis
1009 2441 1311 2520 obligatis
1352 2441 1499 2502 filiis
1540 2441 1873 2522 Ingiraimi
1906 2442 1989 2503 de
2017 2441 2285 2504 Biserno
2313 2442 2396 2502 ab
2425 2442 2740 2505 Ildibran·

270 2537 432 2599 dino
476 2537 556 2600 de
598 2539 937 2599 Manciano
981 2549 1165 2617 patre
1194 2541 1331 2600 eius
1370 2539 1472 2600 vel
1514 2539 1599 2600 ab
1642 2560 1768 2601 avo
1807 2543 2140 2602 occasione
2182 2541 2352 2602 dotis
2389 2541 2740 2619 Ingiraimi;

268 2637 326 2694 si
372 2655 485 2696 eas
527 2655 655 2697 non
698 2637 901 2714 possit
942 2635 1187 2697 solvere
1240 2656 1490 2697 causa
1544 2639 1882 2698 servitii
1939 2637 2250 2699 domini
2304 2640 2740 2718 imperato·

270 2735 390 2794 ris
433 2735 503 2794 in
546 2735 839 2806 terminO,
884 2734 1248 2795 satisfaciat
1289 2732 1606 2797 Pandolfo
1645 2735 1725 2796 de
1766 2735 2115 2798 moderatis
2159 2738 2365 2797 usuris
2407 2755 2628 2798 earum
2653 2736 2743 2798 ad

268 2831 621 2892 arbitrium
661 2831 1108 2893 Ildibrandini.
1154 2833 1471 2894 Residuos
1512 2823 1805 2894 denarios
1834 2832 2021 2895 dabit
2048 2835 2116 2894 in
2159 2836 2436 2895 termino
2463 2833 2546 2894 ab
2575 2835 2742 2896 Ilde-

270 2929 599 2990 brandino
638 2929 1045 3008 assignando
1130 2929 1276 2989 Act.
1308 2935 1460 2991 ante
1490 2931 1755 2991 domum
1786 2933 1972 2992 vinee
1999 2933 2305 2992 canonice
2332 2932 2414 2992 de
2442 2931 2740 2994 Monteri.

272 3026 499 3090 Presb.
544 3025 811 3088 Michele
853 3028 1231 3106 cappellano
1271 3030 1426 3088 eius,
1472 3027 1763 3088 Ballione
1805 3029 1914 3107 qd.
1948 3029 2298 3090 Orlandini.
2332 3027 2743 3090 Guilielmino

266 3125 355 3187 de
401 3125 732 3206 CugnanO.
778 3125 1185 3187 Bencivenne
1227 3126 1441 3188 villico
1480 3147 1579 3206 ep.
1626 3133 1707 3188 tt.
1792 3127 2069 3187 Mittone
2107 3134 2242 3188 not.

611 3221 771 3284 Volt.
820 3223 1059 3284 AVeec.
1102 3243 1153 3284 8.
1184 3222 1375 3283 XIII
1402 3225 1526 3286 dec.
1559 3225 1597 3286 4
1626 3245 1685 3284 n.
1716 3224 1796 3284 15
1824 3225 1997 3302 Oriy.

266 3419 417 3482 509.
1432 3419 1715 3493 Florem,
1759 3419 1839 3480 25
1879 3419 2014 3480 und
2053 3419 2135 3480 26
2173 3419 2522 3496 September
2559 3421 2739 3482 1234.

400 3515 1104 3590 MCCXXX1111‚V11
1132 3517 1262 3581 kal.
1290 3525 1441 3589 oct„
1475 3516 1603 3577 ind.
1636 3517 1823 3580 VIII.
1911 3517 2054 3578 Act.
2087 3518 2151 3578 in
2181 3517 2425 3597 palatio
2453 3520 2742 3580 comunis

264 3626 573 3694 tempore
618 3615 923 3675 Iohannis
968 3615 1205 3676 Iudicis
1232 3614 1673 3677 Romanorum
1706 3615 1984 3676 consulis
2013 3620 2082 3675 et
2108 3615 2275 3676 Flor.
2306 3618 2652 3694 potestatis
2669 3618 2738 3694 ².)

262 3715 663 3776 Coadunato
702 3714 967 3774 consilio
1005 3713 1353 3775 Pandolfus
1380 3712 1577 3774 iudex
1606 3716 1972 3792 potestatui,
2003 3714 2157 3793 quia
2184 3715 2320 3793 ipse
2348 3713 2738 3793 patiebatur,

260 3813 637 3892 proposuit,
684 3811 875 3890 quod,
920 3831 1070 3872 eum
1110 3811 1451 3872 concordia
1491 3811 1669 3872 facta
1710 3817 1879 3872 esset
1921 3812 2094 3872 inter
2135 3811 2444 3872 Iacobum
2488 3812 2646 3874 Nasi
2673 3818 2742 3874 et

262 3909 763 3973 ambaxiatores
802 3910 1095 3969 comunis
1134 3909 1215 3970 de
1270 3908 1517 3982 Colle,
1574 3910 1708 3970 scil.
1767 3907 2280 3970 Ildibrandinum
2337 3909 2738 3982 Aldibrandi,
2816 3991 2821 3996 Ι

261 4007 695 4069 Guilielmum
724 4005 1123 4079 Bernardini.
1158 4006 1630 4085 Boninsegnam
1662 4006 1994 4079 Brandini‚
2026 4006 2470 4066 Ranuccinum
2503 4005 2740 4069 Bonin-

260 4124 495 4186 segne,
538 4102 621 4164 de
660 4103 960 4183 dampnis
1000 4103 1193 4164 factis
1236 4102 1476 4164 Iacobo
1516 4104 1847 4164 occasione
1888 4105 2240 4182 potestarie
2280 4104 2361 4163 de
2404 4102 2593 4176 Colle,
2624 4123 2740 4183 pro

260 4200 519 4281 quibus
560 4199 927 4261 Sinibaldus
966 4200 1281 4261 Tancredi
1322 4201 1405 4262 de
1448 4200 1747 4261 Certaldo
1804 4205 2094 4278 potestas
2149 4207 2218 4260 et
2272 4219 2612 4261 commune
2633 4195 2746 4262 ‘''de

260 4299 455 4362 Colle
497 4304 683 4359 crant
723 4298 1059 4358 exbanniti
1088 4320 1129 4359 a
1154 4299 1480 4358 communi
1508 4298 1701 4369 Flor.‚
1730 4304 1796 4356 et
1826 4299 2228 4376 postularent
2267 4297 2740 4359 ambaxiatores

262 4397 731 4478 prestant-iam,
776 4395 945 4460 unde
986 4397 1329 4457 satisfieret
1370 4395 1626 4468 Iacobo,
1673 4415 1819 4455 cum
1860 4395 2074 4456 nullus
2117 4397 2276 4457 civis
2324 4395 2494 4458 Flor.
2537 4397 2740 4474 possit

432 4623 475 4686 ¹‘)
514 4621 574 4670 N
574 4627 689 4671 clar
710 4621 957 4672 Michacl
978 4621 1191 4681 konmu,
1216 4622 1399 4672 coiecit
1420 4621 1509 4672 ioh
1532 4623 1667 4682 eche,
1694 4623 1757 4672 in
1790 4621 2124 4673 Velm-ram
2154 4622 2319 4673 Urkk.
2345 4623 2446 4673 ecit
2472 4623 2609 4674 1243
2633 4639 2739 4675 vor.

264 4717 317 4777 Β)
362 4712 491 4762 Auo
524 4711 644 4761 dom
678 4709 869 4761 Haase
904 4711 1259 4775 Papareochs':
1298 4711 1441 4760 aiche
1476 4712 1607 4763 iiber
1641 4711 1741 4762 {Im
1766 4711 2119 4775 Gnaei-ovim
2145 4711 2446 4762 Goechu'chte
2473 4712 2566 4762 der
2587 4711 2742 4763 Sta&

263 4803 435 4854 Rom,
456 4799 536 4850 im
571 4797 884 4850 Miuelazter
927 4799 973 4850 V
1014 4801 1129 4850 137.
1167 4799 1394 4850 Sontini
1431 4801 1555 4851 Doc.
1595 4815 1721 4864 pay.
1760 4801 1918 4854 LXI.

504 4978 571 5030 12
