3817 5642
1005 431 1082 484 24
1657 427 2101 482 REGESTUM
2140 428 2829 482 VOLA'rt-:RRANCM

1536 521 1707 528 ——-——

1005 623 1276 685 Bonilde
1317 625 1566 702 integra
1607 631 1780 684 sorte
1819 623 1886 682 in
1930 623 2069 682 loco
2112 621 2333 682 Monte
2372 641 2571 700 prope
2612 623 2767 682 villa
2799 621 2883 682 de
2910 621 3219 692 Gabinae,
3260 641 3309 682 r.
3354 643 3469 700 per

999 721 1112 800 qd.
1153 720 1420 782 Lumaci
1449 739 1636 780 mass.
1659 729 1728 780 et
1747 739 1919 781 nunc
1940 739 2053 798 per
2075 719 2305 780 Petrus
2326 739 2537 790 mss..
2564 739 2681 797 pro
2700 739 2879 798 pens.
2902 739 3117 780 annus
3136 720 3207 780 in
3232 729 3467 799 agusto

1003 839 1134 897 arg.
1175 818 1322 879 den.
1353 817 1520 880 VIII
1549 817 1612 878 1).
1641 837 1786 896 exp.
1829 818 2041 896 qualis
2080 837 2194 894 per
2234 823 2433 894 temp.
2462 835 2541 878 o..
2572 825 2649 878 nt
2678 816 2783 878 lib.
2816 835 2989 877 nom.
3018 815 3259 877 habeas
3298 827 3367 878 et
3398 817 3465 878 li-

1001 918 1282 978 centiam
1324 914 1520 976 libelli
1549 917 1614 976 in
1644 917 1921 974 minores
1950 913 2363 984 laboratores,
2404 917 2519 992 qui
2544 914 2818 992 desuper
2842 921 3013 974 terra
3038 915 3343 985 resident,
3370 915 3465 974 Ia·

999 1014 1230 1085 ciendi;
1293 1033 1440 1091 pen.
1505 1033 1640 1092 arg.
1703 1013 1818 1072 sol.
1884 1011 2171 1072 XXXX.
2272 1011 2513 1072 Actum
2568 1011 2919 1072 Voloterre.
3018 1013 3325 1074 Anselmo
3380 1034 3463 1072 ss.

1003 1111 1062 1172 S.
1109 1131 1194 1172 m.
1253 1111 1533 1172 Martini.
1608 1109 2007 1170 Rainbaldus
2058 1109 2445 1187 archipresb.
2502 1109 2875 1170 Camerinus
2928 1109 3145 1170 levita.
3196 1111 3464 1170 Ermen-

999 1209 1216 1270 dricus
1257 1207 1466 1286 presb.
1507 1215 1574 1268 et
1615 1227 1760 1268 can.
1805 1207 2035 1267 Petrus
2078 1205 2285 1286 presb.
2330 1215 2399 1266 et
2437 1227 2577 1267 can.
2621 1207 2929 1267 Adelmus
2967 1209 3367 1284 primicerius
3396 1215 3465 1268 et

997 1325 1144 1367 can.
1188 1306 1418 1366 Petrus
1457 1325 1558 1384 ep.
1602 1325 1682 1365 ss.
1725 1304 1790 1365 S.
1835 1325 1921 1364 m.
1967 1304 2163 1364 Uuidi
2203 1305 2249 1364 ί.
2291 1303 2357 1364 1).
2400 1324 2483 1364 m.
2520 1303 2878 1382 Teudinghi
2906 1306 3019 1382 qui
3044 1305 3277 1365 Teutio
3318 1325 3460 1365 voc.

1003 1411 1082 1464 tt.
1123 1402 1470 1465 'retbertus
1497 1403 1690 1464 iudex
1731 1405 1864 1480 inp.
1916 1423 1997 1462 ss.
2044 1401 2275 1462 Petrus
2314 1410 2451 1462 not.
2496 1403 2627 1480 inp.
2672 1408 2752 1462 tt.
2796 1421 2877 1462 ss.
2922 1402 2988 1463 S.
3031 1422 3114 1462 m.
3156 1402 3461 1480 Teuperti

1001 1501 1116 1580 qui
1169 1500 1360 1562 Tetio
1414 1521 1552 1561 voc.
1607 1501 1654 1560 f.
1714 1500 1775 1561 b.
1833 1520 1916 1560 m.
1976 1499 2245 1561 Grasoffi
2300 1507 2379 1559 tt.
2425 1499 2655 1560 Petrus
2696 1499 2890 1559 iudex
2932 1501 3063 1578 inp.
3106 1519 3188 1560 88.
3294 1499 3461 1559 Ghe-

1003 1599 1230 1659 tardus
1273 1603 1408 1659 not.
1453 1599 1586 1676 inp.

1329 1696 1490 1757 Vols.
1537 1696 1756 1774 ACap.
1805 1715 1866 1754 n.
1897 1695 1981 1756 33
2022 1695 2193 1772 Oriq.

1001 1893 1102 1952 68.
2474 1890 2769 1959 Kolta-m
2814 1889 2891 1949 11
2930 1888 3279 1966 September
3316 1889 3456 1950 983.

1121 1987 1281 2049 Otto
1323 1990 1454 2066 inp.
1501 1988 1730 2052 Ottoni
1771 1991 1902 2067 inp.
1948 1987 2011 2048 b.
2058 2008 2141 2048 m.
2182 1989 2229 2048 f.
2274 2008 2333 2048 a.
2367 1987 2549 2058 XVI,
2580 1989 2773 2050 tertio
2800 1987 2885 2047 id.
2914 1994 3099 2066 sept..
3136 1987 3267 2047 ind.
3296 1986 3457 2048 XII.

999 2086 1294 2146 Petrus
1349 2086 1557 2146 Volot.
1613 2107 1714 2165 ep.
1773 2086 1878 2146 lib.
1938 2107 2109 2148 nom.
2166 2087 2252 2146 do
2310 2086 2691 2146 Dominicho
2746 2083 2955 2162 presb.
3010 2085 3055 2144 f.
3100 2085 3301 2146 1Ιάἰῦἰί
3338 2087 3458 2146 cle-

997 2185 1166 2245 ricus
1207 2185 1454 2263 integra
1495 2203 1665 2255 casa,
1707 2193 1878 2244 sorte
1920 2193 1985 2244 et
2029 2185 2215 2244 rebus
2260 2205 2445 2245 mass.
2477 2187 2543 2244 in
2586 2183 2987 2256 locoVslle,'
2971 2203 3097 2243 iam
3128 2204 3175 2244 r.
3206 2203 3321 2261 per
3346 2186 3457 2263 qd.

998 2281 1130 2340 Leo
1169 2281 1378 2357 presb.
1421 2288 1489 2341 et
1531 2300 1702 2342 nunc
1743 2302 1856 2360 per
1894 2289 1983 2349 te.
2024 2291 2297 2360 excepto
2338 2282 2597 2348 oliveto,
2644 2289 2715 2340 ut
2762 2282 2828 2340 in
2868 2280 3014 2341 fest.
3056 2299 3105 2341 s.
3150 2281 3351 2341 Max-ie
3394 2286 3457 2342 in

997 2385 1232 2456 agusto
1252 2379 1464 2439 solvas
1485 2398 1766 2438 annuam
1791 2399 1969 2458 pens.
1994 2399 2124 2456 arg.
2148 2381 2293 2440 den.
2320 2378 2591 2440 duodeci
2612 2377 2674 2439 b.
2704 2399 2849 2457 exp.
2880 2379 3089 2456 qualis
3114 2399 3229 2456 per
3256 2387 3457 2458 temp.

997 2495 1080 2548 0.;
1124 2476 1382 2537 decesso
1425 2483 1492 2536 te
1533 2496 1682 2536 casa
1723 2477 2025 2537 deveniat
2070 2477 2177 2537 lib.
2210 2497 2381 2537 nom.
2426 2479 2493 2536 in
2520 2475 2867 2536 Lamberto
2902 2476 2947 2537 f.
2976 2476 3203 2536 Teutie
3230 2484 3301 2538 et
3328 2481 3461 2538 suis

998 2593 1100 2652 gg.
1143 2573 1228 2632 ad
1269 2574 1544 2634 eundem
1587 2595 1881 2646 censum;
1930 2595 2071 2651 pen.
2116 2593 2248 2654 arg.
2292 2574 2405 2634 801.
2450 2574 2521 2632 L.
2605 2573 2753 2634 Aet.
2797 2573 3143 2635 Voloteroe.
3228 2575 3461 2636 Petrus

995 2690 1098 2748 ep.
1163 2691 1242 2731 ss.
1303 2671 1676 2731 Dominio-us
1735 2673 1939 2750 presb.
1996 2693 2076 2732 88.
2138 2672 2371 2734 Pet-rus
2422 2679 2557 2732 not.
2616 2673 2747 2749 inp.
2804 2679 2885 2732 tt.
2947 2671 3175 2732 Petrus
3232 2680 3313 2732 tt.
3376 2693 3457 2733 88.

994 2767 1056 2829 S.
1105 2790 1186 2830 m.
1230 2769 1418 2830 Aritii
1459 2771 1504 2830 f.
1550 2769 1612 2830 b.
1658 2789 1740 2830 m.
1800 2770 2169 2830 Suaverichi
2226 2777 2306 2830 tt.
2368 2770 2597 2830 Petrus
2654 2769 2847 2830 iudex
2904 2771 3035 2848 inp.
3080 2789 3161 2830 ss.
3288 2769 3455 2830 Ghe·

999 2867 1226 2928 rardus
1269 2875 1402 2928 not.
1449 2869 1580 2946 inp.

1183 2971 1192 2978 '
1325 2965 1484 3026 Vole.
1535 2965 1769 3026 AVesc.
1813 2983 1864 3026 8.
1895 2963 1962 3024 Χ
2003 2965 2127 3026 dec.
2164 2969 2197 3026 7
2240 2985 2301 3024 n.
2334 2966 2374 3025 2
2414 2964 2585 3042 Oriy.

993 3158 1094 3218 69.
2668 3161 2963 3232 Volterra,
3006 3161 3047 3220 6
3086 3160 3273 3221 Mdv-z
3312 3161 3454 3222 985.

1115 3257 1598 3318 Nonientesimo
1625 3263 1667 3336 ¹)
1711 3260 1960 3336 quinte,
2006 3257 2209 3336 pridie
2250 3278 2457 3318 nonus
2484 3265 2697 3330 mart„
2728 3258 2857 3318 ind.
2900 3257 3095 3320 XIII.
3180 3259 3455 3319 Ansel·

995 3372 1163 3412 mus
1204 3353 1543 3414 archidiac.
1589 3362 1655 3414 et
1697 3358 2059 3433 prepositus
2098 3375 2149 3415 8.
2194 3355 2529 3416 Ottabiani
2574 3356 2681 3416 liv.
2728 3374 2897 3416 nom.
2942 3355 3126 3416 firmo
3178 3355 3451 3417 Iohanni

993 3451 1041 3510 f.
1085 3450 1145 3511 b.
1191 3471 1274 3510 m.
1318 3450 1570 3530 Sighitii
1611 3459 1678 3512 et
1719 3453 1850 3512 Leo
1889 3453 1934 3513 f.
1982 3453 2044 3514 b.
2088 3473 2173 3514 m.
2218 3454 2375 3514 item
2418 3455 2528 3513 Lei
2570 3455 2815 3530 petiam
2858 3459 3021 3514 terre
3062 3453 3213 3538 eccl²
3252 3455 3455 3532 ipsius

995 3550 1060 3608 in
1105 3547 1243 3608 loco
1283 3547 1604 3620 Corrente,
1647 3557 1921 3628 excepta
1962 3558 2150 3622 terra,
2195 3571 2361 3629 quae
2404 3557 2583 3611 tenet
2624 3553 2691 3610 in
2746 3557 2917 3611 terra
2958 3549 3039 3612 de
3085 3551 3199 3610 filii
3254 3549 3316 3610 b.
3364 3571 3451 3611 m.

993 3645 1291 3708 Sichelmi
1331 3653 1398 3706 et
1439 3647 1503 3707 in
1549 3655 1716 3707 terra
1759 3648 1868 3726 qd.
1914 3647 2223 3709 Gherardi
2252 3669 2463 3710 comes
2489 3651 2535 3724 ²)
2578 3655 2646 3708 et
2674 3651 2739 3708 in
2769 3655 2940 3709 berra
2964 3647 3047 3708 de
3074 3649 3223 3709 eccl.
3254 3669 3302 3708 s.
3336 3648 3450 3710 Ot-

993 3742 1262 3816 tabiani,
1307 3750 1381 3803 ut
1423 3747 1670 3805 cassina
1711 3753 1776 3806 et
1820 3747 2134 3806 edifitium
2164 3747 2418 3806 faciatis
2446 3752 2514 3806 et
2540 3749 2605 3806 in
2635 3747 2777 3806 fest.
2810 3765 2859 3806 s.
2890 3747 3089 3807 Mat-ie
3122 3748 3190 3806 in
3218 3755 3453 3825 agusto

989 3841 1258 3902 solvet-is
1299 3861 1581 3902 annuam
1623 3862 1778 3919 pens
1807 3863 1941 3920 arg.
1972 3842 2117 3904 den.
2147 3844 2419 3904 duodeci
2450 3844 2511 3903 b.
2542 3863 2687 3922 exp.
2733 3845 2939 3922 qualis
2981 3863 3094 3922 per
3136 3850 3335 3922 temp.
3366 3865 3449 3916 ο.;

992 3958 1137 4016 pen.
1181 3959 1312 4016 arg.
1358 3938 1471 3998 sol.
1517 3938 1737 4000 XXX.
1823 3941 1969 4000 Act.
2015 3942 2346 4003 Voloterro
2388 3945 2561 4001 intus
2604 3943 2817 4002 domo.
2900 3941 3207 4002 Anselmo
3244 3941 3450 4002 archi·

991 4035 1153 4096 diac.
1197 4057 1278 4095 ss.
1325 4035 1387 4096 S.
1437 4057 1518 4096 m.
1564 4037 1847 4098 Johanni
1892 4047 1955 4097 et
2002 4038 2131 4099 Lei.
2181 4038 2583 4099 Rainbaldus
2622 4037 3009 4117 archipresb.
3052 4039 3197 4098 Allo
3239 4039 3449 4117 presb.

991 4139 1058 4193 01.
1098 4152 1239 4193 can.
1285 4133 1736 4194 Ermendrieus
1785 4135 1993 4213 presb.
2038 4143 2104 4196 et
2149 4156 2287 4196 can.
2334 4137 2622 4196 Andreas
2677 4136 2887 4214 presb.
2930 4141 2999 4195 et
3036 4154 3179 4196 can.
3224 4134 3454 4196 Albizo

993 4232 1188 4291 levita
1231 4237 1297 4291 et
1338 4251 1478 4291 can.
1524 4232 1752 4292 Petrus
1794 4232 2088 4293 sacerdos
2129 4241 2195 4293 et
2237 4254 2378 4294 can.
2412 4234 2731 4295 Rodulfus
2758 4254 2898 4294 ca-n.
2929 4241 2997 4294 et
3038 4233 3257 4294 levita.
3300 4233 3449 4294 Tet-

1135 4455 1175 4516 ¹)
1207 4456 1596 4519 octuagesimo
1627 4472 1694 4506 zu
1725 4461 2001 4516 erycinzen,
2034 4459 2129 4506 wie
2163 4458 2246 4506 die
2285 4457 2501 4507 Numen
2536 4459 2626 4507 des
2654 4459 3040 4508 Archidiaeom
3064 4458 3293 4507 Amlm
3330 4459 3445 4506 und

991 4543 1082 4591 der
1119 4542 1343 4604 ἄδι-ἂρα)
1379 4559 1688 4594 zusammen
1735 4545 1832 4594 mit
1881 4545 1973 4594 der
2020 4544 2055 4592 I
2060 4547 2296 4594 ndiction
2342 4548 2617 4608 zwinyend
2654 4547 2920 4596 bewcioen.
3068 4547 3111 4606 ³)
3156 4547 3277 4596 Aue
3326 4546 3447 4596 dem

997 4631 1177 4682 Hauee
1217 4631 1588 4682 oller-ardeam.
