3817 5642
981 554 1429 612 REGESTUM
1465 554 2153 611 VOLATERRANUM
2694 558 2801 613 103

332 652 555 659 ..ἡ-’,-
594 652 625 657 -
664 652 687 657 .-
706 652 936 657 --———-——
966 650 2797 661 Qssmffi-—

323 752 472 813 295.
1189 750 1330 811 cille
1371 750 1653 813 Martiae
1693 753 1788 813 bei
1829 752 2155 826 Montieri,
2199 754 2283 815 29
2321 755 2371 814 J
2372 774 2578 815 αππιαν
2619 756 2796 817 1211.

456 848 748 921 MOCXI,
791 849 936 911 1111
977 849 1102 911 kal.
1147 850 1296 923 feb„
1339 848 1472 911 ind.
1517 849 1750 912 XIIII.
1879 850 2436 913 Ildebrandus
2478 852 2654 913 Vult.
2696 872 2793 932 ep.

323 946 968 1008 excommunicamus
1023 946 1172 1007 abb.
1227 966 1275 1007 s.
1335 947 1502 1007 Iusti
1563 964 1681 1025 pro
1743 947 2183 1010 inobedientia
2240 956 2307 1009 et
2366 951 2799 1021 contumacia,

323 1042 510 1119 qnod
551 1044 913 1105 usurarium
949 1042 1364 1105 manifestum
1395 1043 1736 1123 sepelivit
1719 1064 1788 1105 m
1815 1045 2115 1107 claustr0.
2202 1046 2377 1107 Data
2406 1049 2473 1106 in
2499 1046 2797 1107 districtu

325 1140 416 1199 de
475 1138 795 1201 Monterio
855 1156 896 1199 a
951 1140 1010 1201 le
1063 1140 1342 1203 Martiae
1421 1158 1636 1202 coram
1687 1141 2080 1203 Ildebrando
2138 1144 2347 1221 priore
2409 1165 2457 1204 s.
2502 1142 2793 1221 Galgani.

323 1236 754 1309 Boi-nardino,
797 1238 1174 1301 Pannochia
1209 1244 1278 1299 et
1333 1236 1612 1319 Ugolino
1653 1239 1798 1301 filiis
1837 1239 1949 1318 qd.
1993 1240 2279 1301 Rainerii
2335 1240 2699 1302 Pannocln‘e
2724 1242 2793 1317 ¹).

325 1332 710 1395 Bonaiunta
747 1332 956 1396 iudice
1011 1334 1092 1396 de
1135 1335 1312 1397 Vico.
1359 1334 1688 1397 Ubaldino
1745 1336 1967 1397 Benni.
2028 1336 2259 1399 Forese
2311 1338 2392 1398 de
2449 1337 2795 1399 Florentia.

321 1428 627 1493 Ulivario
667 1432 916 1493 medico
956 1434 1038 1495 de
1093 1434 1432 1495 MonteriO.
1490 1432 1824 1495 Tancredo
1875 1434 1960 1495 de
2016 1434 2301 1497 Fornori.
2358 1434 2661 1495 Aleionso
2716 1433 2797 1495 de

323 1527 536 1590 Senis.
620 1530 850 1590 Petrus
891 1550 938 1591 s.
983 1530 1138 1610 imp.
1181 1536 1320 1593 not.

661 1626 814 1689 Voce.
861 1628 1099 1690 AVesc.
1141 1648 1190 1689 3.
1236 1628 1428 1687 XIII
1469 1630 1589 1690 dec.
1633 1630 1674 1689 2
1713 1648 1774 1689 n.
1822 1630 1859 1689 1
1901 1630 2073 1706 Orio.

325 1763 470 1823 296.
1835 1760 2133 1835 Volterra,
2176 1762 2257 1825 24
2300 1762 2575 1825 Februar
2617 1762 2797 1825 1211.

453 1858 711 1934 MCC-X,
737 1860 830 1921 VI
858 1860 981 1921 kal.
1015 1868 1232 1933 mart„
1262 1860 1390 1921 ind.
1425 1860 1656 1922 XIIII.
1723 1862 2089 1923 Ormannus
2118 1862 2226 1939 qd.
2259 1862 2563 1942 Ruggeru
2583 1860 2663 1923 de
2684 1860 2796 1921 Ni-

323 1974 448 2036 gra
481 1956 654 2019 dono
697 1954 1217 2019 Bernardino
1259 1954 1364 2037 qd.
1399 1954 1722 2019 Rainerii¹
1736 1959 2003 2033 >Vult
2048 1960 2796 2038 potestatispaczum

326 2056 468 2116 sive
509 2054 862 2117 casalinum
907 2058 974 2116 in
1015 2074 1270 2117 cassaro
1311 2054 1554 2115 castelli
1595 2054 1677 2117 de
1718 2054 1938 2135 Nigra,
1982 2056 2155 2117 aliud
2214 2064 2403 2117 extra
2446 2074 2795 2130 cassatum,

325 2154 641 2233 quicquid
687 2152 860 2215 aliud
902 2152 1054 2213 iuris
1095 2150 1306 2215 habeo
1349 2154 1416 2213 in
1455 2172 1732 2226 cassam,
1775 2154 2277 2215 iurisdictionem
2320 2160 2389 2214 et
2430 2174 2641 2227 usum,
2670 2172 2799 2233 que

325 2248 542 2313 habeo
586 2251 670 2313 ab
711 2252 965 2313 Aczone
1007 2252 1116 2331 qd.
1161 2248 1430 2312 Uliverii
1473 2253 1538 2311 in
1581 2251 1843 2313 castello
1883 2258 1951 2311 et
1992 2258 2171 2312 curte
2212 2250 2292 2313 de
2334 2248 2553 2329 Nigra,
2604 2270 2797 2313 reser-

325 2352 494 2411 vato
533 2348 770 2410 Aczoni
815 2348 1155 2410 usufructu
1197 2347 1299 2409 vel
1342 2368 1461 2409 usu
1505 2346 1931 2409 habitationis
1973 2348 2233 2410 casalini
2270 2368 2385 2427 pro
2426 2348 2795 2421 donatione,

323 2464 531 2525 quam
561 2446 720 2506 mihi
747 2448 956 2507 Aczus
995 2444 1169 2507 fecit.
1253 2447 1398 2506 Act.
1431 2445 1606 2506 Vult.
1639 2446 1705 2506 in
1732 2446 1929 2507 domo
1956 2444 2293 2525 Angelerii.
2350 2444 2656 2507 Moroello
2683 2442 2791 2526 qd.

325 2543 648 2605 Ranuccii
679 2542 762 2603 de
805 2542 1140 2605 Giezzano.
1171 2542 1424 2603 Bifulco
1467 2544 1572 2623 qd.
1603 2543 2075 2605 Boneventure.
2108 2543 2519 2605 Bonaiuncta
2540 2540 2801 2623 publico

325 2636 506 2701 Vult.
565 2640 796 2703 iudice.
853 2638 1122 2702 Ruffulo
1175 2639 1280 2719 qd.
1340 2638 1718 2703 Guicchieri.
1776 2640 2108 2703 Gualterio
2163 2641 2273 2720 qd.
2318 2638 2673 2703 Lumbardj
2715 2647 2799 2703 tt.

325 2740 746 2817 Boninsegna
783 2742 934 2817 imp.
980 2740 1338 2801 maiestatis
1383 2746 1514 2800 not.

653 2834 908 2897 Florem
951 2836 1100 2897 Ast.
1150 2834 1335 2913 (Volt.
1381 2838 1544 2898 1210
1582 2837 1662 2897 II
1704 2838 1804 2911 24,
1851 2858 1908 2898 n.
1955 2838 2099 2913 107)
2144 2838 2314 2916 Θήρ.

320 2996 468 3056 297.
1461 3046 1466 3049 .
1671 2995 1810 3055 Alte
1851 2994 2155 3068 Mas-tine,
2195 2996 2279 3057 30
2317 2996 2569 3073 Anaust
2608 2996 2789 3056 1211.

448 3090 1006 3173 M0[CX1]⁸),111
1035 3092 1161 3154 kal.
1191 3098 1379 3171 sept„
1409 3091 1539 3154 ind.
1565 3092 1794 3153 XIIII.
1880 3093 2441 3156 Ildebrandus
2482 3112 2583 3172 ep.
2614 3093 2795 3153 Vult.

319 3191 638 3253 abbatem
677 3210 732 3251 s.
771 3190 941 3251 Iusti
982 3208 1099 3269 pro
1139 3190 1576 3253 inobedientia
1616 3196 1684 3250 et
1723 3193 2153 3265 contumacia,
2184 3191 2337 3269 quia
2377 3190 2793 3253 manifestum

323 3290 693 3350 usurarium
732 3290 800 3349 in
841 3288 1178 3367 sepultura
1217 3286 1474 3349 abbatis
1514 3287 1651 3348 nive
1693 3305 2131 3361 monacorum,
2189 3294 2265 3348 ut
2318 3287 2577 3361 dicitur,
2618 3305 2795 3366 sepe-

321 3388 494 3459 livit,
524 3386 698 3448 bona
737 3386 1069 3457 alienavit,
1110 3403 1302 3464 super
1342 3384 1716 3447 mulieribus
1759 3384 2017 3447 inclusis
2058 3387 2327 3465 sepultis
2380 3388 2447 3447 in
2496 3385 2647 3447 eccl.
2691 3385 2793 3446 vel

321 3486 520 3549 iuxta
555 3502 700 3546 eam
739 3482 1200 3563 desepeliendis
1241 3480 1614 3544 inobediens
1652 3484 1800 3557 fuit,
1845 3504 2117 3546 monaco
2159 3504 2271 3565 per
2312 3504 2577 3546 manum
2604 3484 2796 3546 laica-

319 3581 452 3643 lem
479 3582 822 3661 compedes
851 3582 1024 3642 mitti
1056 3580 1228 3653 fecit,
1261 3581 1915 3641 excommunicamus.
2000 3582 2147 3641 Act.
2190 3583 2257 3641 in
2298 3580 2687 3661 appenditiis
2713 3580 2797 3641 do

321 3678 648 3740 Monterio
691 3678 814 3741 ale
840 3676 1118 3738 Martius
1187 3696 1404 3739 coram
1435 3676 1824 3740 Ildebrando
1867 3680 2073 3757 priore
2114 3678 2378 3740 abbatie
2418 3698 2469 3737 sl.
2500 3676 2795 3757 Galgani.

323 3776 748 3849 Rerum-dinc,
775 3774 1119 3848 Panochia,
1151 3774 1428 3854 Ugolino
1453 3773 1767 3835 fratribus
1794 3774 1837 3834 f.
1867 3776 1979 3853 qd.
2012 3774 2297 3835 Bainorii
2324 3778 2389 3849 ¹).
2424 3774 2797 3837 Bonaiunta

321 3876 540 3935 iudice
580 3872 662 3933 de
703 3873 882 3933 vice.
917 3871 1289 3934 Rubaldino
1321 3871 1526 3932 Benni
1568 3872 1650 3931 de
1680 3871 1853 3933 Vult.
1899 3872 2130 3933 Forese
2158 3872 2239 3933 de
2267 3872 2610 3934 Florentia.
2654 3871 2788 3932 Uli-

327 3973 510 4033 vario
553 3970 802 4032 medico
845 3972 928 4032 de
972 3971 1308 4031 Monterio.
1353 3970 1667 4029 Tancredi
1710 3969 1789 4030 de
1826 3970 2107 4031 Fornori.
2142 3970 2429 4031 Alisonso
2472 3970 2551 4029 de
2594 3968 2791 4029 Senis.

329 4070 564 4129 Petrus
603 4086 652 4129 s.
694 4069 848 4147 imp.
896 4074 1028 4129 not.

655 4165 808 4228 Vult.
855 4166 1092 4227 AVesc.
1141 4166 1312 4243 App.
1359 4164 1479 4225 [Id.
1525 4184 1584 4225 n.
1631 4166 1673 4225 5
1713 4166 1882 4243 Oriq.

325 4300 465 4362 298.
1649 4294 1826 4358 Colle
1875 4296 1995 4359 Val
2037 4294 2276 4369 d'Elsa,
2322 4296 2571 4374 *luqtmt
2611 4296 2789 4359 1211.

445 4392 739 4469 MOOXL
783 4392 912 4456 ind.
961 4390 1189 4468 XIIII,
1237 4413 1376 4473 aug.
1475 4390 1756 4456 Tedesco
1811 4396 1892 4456 dc
1934 4394 2238 4466 Caesena,
2286 4391 2668 4456 Bardellone
2708 4392 2792 4456 de

322 4493 668 4566 LuccianO,
711 4490 928 4554 Guido
966 4490 1048 4553 de
1089 4490 1151 4552 la
1196 4490 1592 4570 Pilinghetta
1633 4498 1698 4552 et
1743 4488 1945 4551 XXX
1991 4490 2117 4565 alii,
2164 4492 2273 4570 qui
2305 4494 2371 4552 in
2400 4490 2565 4553 hanc
2594 4492 2790 4553 socie-

471 4675 514 4737 ¹)
551 4673 751 4737 Ncffon
783 4672 876 4723 deo
909 4672 1174 4731 Biaechols,
1211 4672 1679 4723 Pammenem.
1849 4674 1892 4734 ⁹)
1932 4673 2025 4723 Ort
2062 4674 2177 4722 und
2212 4672 2555 4735 Zcuqonlietc
2589 4675 2789 4736 κείρω,

317 4765 450 4814 dau
487 4778 548 4813 σο
583 4761 699 4811 und
723 4760 872 4811 nicht
905 4756 1412 4830 MC[LXXXXVI]
1448 4776 1517 4811 zu
1553 4766 1812 4823 erysimon
1835 4762 1921 4811 ist.
