3817 5642
1049 522 1153 574 104
1691 524 2139 579 REGESTUM
2176 523 2867 579 VOLATERRANUM

1047 724 1186 777 tate
1227 736 1449 779 sumus
1489 718 1588 779 vel
1633 719 1868 780 erimus
1930 738 2133 797 usque
2196 720 2261 779 in
2326 718 2465 793 LX,
2510 720 2799 781 iuramus
2860 739 2994 780 esse
3054 720 3385 781 castellani
3422 721 3512 781 de

1041 818 1092 878 C
1109 816 1216 877 oll
1233 836 1268 876 e
1295 824 1364 876 et
1391 818 1698 878 adiuvare
1723 816 2010 878 homines
2032 818 2113 877 de
2132 816 2305 878 Colle
2326 823 2553 878 contra
2574 836 2829 879 omnem
2853 837 3209 897 personam,
3234 826 3512 899 excepto

1043 920 1268 975 contra
1313 915 1824 991 (Ildebrandum)
1869 934 1966 993 ep.
2010 914 2185 975 Vult.
2228 933 2347 992 pro
2402 934 2520 975 suo
2574 915 2831 993 proprio
2882 915 3059 977 facto
3114 920 3183 977 et
3236 923 3512 997 excepto

1039 1018 1272 1074 contra
1309 1012 1680 1073 Casulensee
1725 1032 1839 1089 pro
1879 1012 2057 1073 iacto
2112 1032 2333 1073 eorum
2390 1012 2731 1074 comunali.
2840 1014 2941 1075 Ad
2998 1014 3241 1075 festum
3296 1034 3343 1075 s.
3386 1015 3508 1076 Mi-

1041 1109 1278 1173 chaelis
1318 1109 1400 1171 de
1443 1110 1766 1171 vindemia
1795 1114 1837 1186 ¹)
1883 1109 2399 1189 comparabimus
2440 1110 2705 1171 domum
2736 1112 2806 1171 in
2844 1110 3035 1185 Colle,
3068 1111 3179 1172 ubi
3203 1111 3511 1174 dabimus

1041 1226 1246 1287 usque
1285 1208 1404 1268 LX
1444 1208 1576 1282 lib.‚
1617 1210 1740 1268 nisi
1781 1214 2141 1269 remaneret
2180 1207 2489 1286 parabola
2530 1208 2863 1269 Berardini
2918 1210 3165 1270 domini
3210 1208 3295 1271 de
3332 1211 3512 1273 Colle

1041 1311 1108 1365 et
1139 1304 1474 1367 Berardini
1503 1306 1834 1377 Gherardi‚
1867 1306 2161 1383 Seragozi
2189 1305 2458 1377 Azolini,
2492 1306 2844 1367 Bonacorsi
2867 1304 3113 1369 Mathis
3140 1314 3207 1365 et
3237 1305 3511 1368 Barocci

1041 1400 1439 1464 Albertinuzi
1480 1410 1804 1464 rectorum
1845 1404 2231 1464 societatum
2260 1404 2341 1463 de
2368 1402 2575 1475 Colle;
2618 1402 3133 1481 comparabimus
3175 1424 3341 1478 eam,
3392 1403 3511 1466 ubi

1043 1500 1320 1561 voluerit
1360 1500 1749 1561 Berardinus
1789 1506 2082 1579 potestas
2122 1500 2203 1560 de
2246 1499 2433 1561 Colle.
2517 1501 2661 1561 Act.
2706 1500 2771 1560 in
2826 1499 3032 1580 burgo
3086 1502 3167 1561 de
3222 1502 3397 1563 Colle
3438 1504 3511 1563 in

1039 1598 1234 1659 domo
1275 1598 1608 1659 Ardovini.
1697 1599 1979 1678 Rugerio
2018 1599 2297 1659 Viviani.
2342 1597 2675 1660 MorandO.
2720 1599 3072 1660 Ardovin0.
3103 1599 3512 1661 Bemardino

1041 1694 1329 1757 Gerardi.
1376 1695 1688 1773 Seragozo
1731 1696 1999 1771 Azolini,
2046 1697 2186 1757 aliis
2230 1704 2308 1757 tt.

2324 1882 2529 1945 Conco
2570 1884 2664 1944 bei
2706 1882 2893 1957 Colle,
2936 1884 3017 1946 26
3056 1884 3226 1945 June
3270 1886 3505 1965 (1212).

1159 1978 1254 2039 VI
1295 1979 1418 2042 kal.
1464 1980 1570 2041 iul.
1661 1980 2024 2061 Rugerotus
2067 1979 2340 2042 Gianelli
2380 1988 2447 2041 et
2502 1981 2891 2043 Bonamicus
2946 1982 3353 2045 Guiscardini
3412 2004 3507 2045 re-

1041 2086 1248 2140 ctores
1289 2080 1673 2141 societatum
1717 2080 1798 2140 de
1839 2082 1887 2141 C
1905 2099 1989 2139 as
2008 2080 2134 2141 ule
2165 2082 2559 2153 iuraverunt,
2590 2080 2769 2159 quod
2792 2079 3035 2141 facient
3062 2082 3269 2141 iurare
3299 2100 3509 2161 usque

1039 2176 1126 2237 ad
1170 2176 1302 2237 XX
1343 2176 1634 2239 homines
1674 2178 1841 2239 hanc
1883 2176 2336 2238 castellanzam
2366 2185 2434 2238 et
2461 2176 2547 2238 ad
2572 2176 2815 2237 festum
2844 2198 2891 2237 s.
2923 2176 3173 2239 Alberti
3196 2180 3240 2253 ²)
3280 2197 3509 2239 omnes

1041 2272 1216 2333 alios.
1302 2274 1444 2333 Act.
1491 2292 1690 2351 prope
1718 2292 1933 2333 aream
1964 2272 2226 2334 abbatie
2256 2273 2335 2333 de
2363 2274 2593 2335 Conco,
2678 2272 3013 2335 Leo-nardo
3034 2273 3299 2335 Gottoli.
3325 2275 3509 2337 Bene

1041 2370 1122 2430 de
1169 2370 1486 2447 Mignone.
1545 2370 1808 2431 Ristoro
1863 2369 2309 2431 Ildibrandini.
2367 2372 2717 2444 Ardovin0‚
2766 2370 2906 2433 aliis
2946 2378 3024 2434 tt.
3126 2370 3507 2450 Pelagottus

1040 2467 1249 2528 scriba
1277 2467 1587 2547 publicus.

1359 2564 1530 2627 Colle
1573 2565 1805 2627 AOom.
1853 2566 2371 2627 Instrumenta-rio
2401 2566 2438 2625 l
2467 2566 2566 2627 26'
2606 2564 2757 2643 Gop.
2800 2586 2849 2629 8.
2896 2566 3101 2628 XIII.
3186 2566 3337 2644 Req.
3389 2568 3508 2629 IA-

1363 2665 1495 2725 sini
1535 2663 1677 2725 208.

1040 2774 1178 2833 299.
2508 2772 2587 2831 M
2589 2771 2829 2845 onttert
2876 2771 2915 2832 6
2959 2772 3277 2832 Dezember
3316 2772 3503 2834 1211.

1157 2869 1450 2945 MCCXI‚
1481 2868 1648 2931 VIII
1689 2869 1770 2931 id.
1815 2872 1972 2945 dec„
2006 2873 2133 2933 ind.
2168 2871 2307 2931 XV.
2394 2869 2675 2931 Thomas
2705 2869 2907 2930 abbas
2938 2890 2984 2931 s.
3016 2868 3181 2930 Iusti
3210 2872 3291 2931 de
3321 2870 3504 2933 Vult.

1039 2968 1280 3028 iuravit·
1319 2968 1528 3030 facere
1569 2988 1758 3029 omne
1801 2976 2175 3047 preceptum
2234 2965 2725 3030 Ildebrandi
2780 2987 2902 3046 ep„
2961 2970 3131 3029 unde
3184 2988 3283 3048 ep.
3342 2967 3507 3032 fecit

1039 3084 1184 3125 eum
1229 3067 1404 3127 mitt-i
1433 3066 1494 3126 in
1527 3066 1672 3127 eccl.
1705 3086 1749 3127 ε.
1783 3066 2005 3127 Iacobi
2032 3065 2113 3127 de
2141 3066 2461 3126 Monterio
2490 3086 2529 3125 a
2557 3063 2908 3126 Lamberto
2938 3067 3263 3144 preposito
3291 3065 3505 3145 plebis

1038 3160 1258 3223 Sancti
1301 3163 1662 3227 Geminiani
1705 3172 1770 3224 et
1811 3163 2105 3241 Galgano
2146 3162 2291 3225 abb.
2336 3183 2384 3224 s.
2414 3163 2704 3243 Galgani.
2792 3164 3065 3224 Factum
3092 3165 3159 3223 in
3186 3162 3389 3243 burgo
3422 3166 3507 3225 de

1039 3259 1354 3320 Monterio
1383 3262 1448 3320 in
1477 3262 1670 3322 domo
1713 3280 1838 3340 que
1877 3260 2007 3321 fuit
2044 3260 2379 3339 Iacoppini
2452 3279 2669 3321 coram
2697 3262 3042 3338 preposito,
3074 3259 3241 3332 abb„
3290 3260 3503 3337 presb.

1034 3357 1406 3435 Compagno
1449 3359 1780 3435 capellano
1819 3378 1917 3435 ep.
1948 3366 2017 3418 et
2045 3356 2425 3418 Beniamino
2464 3376 2601 3417 can.
2648 3356 2853 3435 plebis
2878 3376 2927 3419 s.
2962 3356 3211 3437 Reguli.
3256 3356 3504 3419 Iacobo

1035 3454 1328 3515 Aseduti.
1387 3455 1676 3535 Grigorio
1737 3456 2031 3534 Grigorii.
2076 3454 2265 3515 Sasso
2329 3454 2583 3515 Ranuoi
2644 3456 2725 3515 de
2788 3453 3027 3516 Sancto
3090 3454 3501 3517 GeminianO.

1036 3551 1272 3632 Ugerio
1327 3554 1431 3631 qd.
1495 3554 1779 3615 Rainerii
1836 3554 2171 3614 Panochie.
2259 3552 2530 3631 Insuper
2578 3554 3007 3635 Compagnns,
3055 3552 3499 3625 Beniamian

1037 3650 1385 3730 GalganuS‚
1411 3652 1794 3713 Lambertus
1815 3658 1880 3711 et
1906 3652 2313 3712 Bonacursus
2333 3658 2465 3713 not.
2486 3650 2708 3713 Sancti
2736 3651 3100 3711 Geminiani
3130 3658 3208 3711 tt.
3232 3650 3501 3712 fuerunt

1037 3749 1493 3810 intromissioni
1536 3748 1792 3809 abbatis
1835 3752 1900 3809 in
1944 3750 2089 3810 eccl.
2178 3750 2409 3810 Petrus
2450 3756 2584 3810 not.
2630 3750 2781 3827 imp.

1363 3848 1516 3907 Volt.
1563 3846 1801 3909 AVesc.
1843 3866 1891 3908 8.
1942 3847 2130 3907 XIII
2172 3848 2290 3907 dec.
2337 3848 2377 3908 2
2416 3866 2477 3906 n.
2524 3846 2563 3906 5
2604 3846 2771 3923 Oriq.
2806 3846 2991 3907 Liber
3018 3848 3257 3907 iuriam
3287 3846 3368 3907 10
3392 3847 3498 3909 cit.

1038 4043 1172 4103 300.
3074 4041 3283 4119 (1186·
3286 4042 3495 4118 1212).

1157 4137 1718 4201 Ildebrandus
1759 4160 1856 4219 ep.
1902 4140 2075 4201 Vult.
2121 4138 2541 4201 Lambertum
2587 4139 2981 4217 prepositum
3026 4136 3249 4200 Sancti
3282 4136 3497 4199 Gemi-

1035 4236 1210 4297 niani
1251 4236 1374 4297 sub
1415 4238 1814 4316 protectione
1855 4238 2239 4317 suscipimus
2280 4242 2347 4295 et
2389 4236 2559 4297 bona
2600 4236 3075 4311 confirmamus,
3108 4237 3497 4297 nominatim

1034 4341 1338 4414 quartam
1377 4340 1632 4413 partem
1673 4336 2069 4396 decimarum
2110 4335 2379 4395 diocesis
2408 4334 2757 4407 Lamberti,
2791 4336 3181 4395 vestimenta
3208 4338 3497 4395 mortuo·

1032 4452 1198 4505 rum,
1242 4433 1505 4494 tertiam
1545 4439 1798 4509 partem
1842 4433 2218 4493 testamenti
2260 4431 2532 4506 illorum,
2578 4432 2687 4511 qui
2718 4432 2785 4491 in
2812 4432 3125 4493 cimiterio
3160 4450 3291 4492 non
3320 4450 3497 4511 sepe·

1183 4647 1224 4711 ²)
1261 4650 1328 4698 29
1365 4648 1678 4711 September.
1791 4650 1834 4711 Ω)
1879 4652 1905 4698 7
1943 4648 2178 4700 Jamar.
2292 4648 2335 4713 ⁸)
2383 4648 2531 4698 Wohe
2555 4664 2645 4699 vor
2672 4650 2830 4705 1190,
2856 4664 2936 4699 wo
2958 4648 3129 4713 Hugo
3156 4647 3490 4713 archipresb.

1034 4736 1149 4787 und
1185 4737 1376 4786 andere
1415 4736 1632 4800 Zeuyen
1668 4738 1850 4787 zu'ctzt
1885 4738 2117 4787 erwd‘lmt·
2154 4739 2371 4787 werden.
