3817 5642
1106 560 1213 614 176
1750 553 2203 610 REGESTUM
2239 549 2930 606 VOLATERRANUM

1107 653 1172 658 ..—-
1205 653 1238 658 -.
1269 651 1440 656 -—-.--
1511 649 1722 654 -——*.——
1767 649 1840 654 ---.
2006 645 2317 654 ——-——

1104 755 1243 814 504.
2615 747 2904 822 Peoeiozi,
2947 745 3028 808 25
3065 747 3345 808 Februar
3383 747 3562 808 1234.

1228 849 1575 910 Fascianus
1616 847 1697 908 de
1738 849 2118 910 Pontenovo
2161 851 2451 926 potestas
2491 845 2572 906 de
2616 845 2904 916 Peccioli‚
2950 843 3094 906 1111
3133 842 3474 906 consiliarii
3497 853 3565 905 et

1105 947 1244 1010 XII
1286 947 1577 1008 homines
1618 947 2054 1026 promiserunt
2097 944 2380 1008 Guidoni
2435 944 2544 1022 qd.
2603 944 2866 1005 Brunici
2919 944 3151 1008 nuntio
3206 943 3423 1004 Pisani
3463 963 3564 1004 cc·

1104 1047 1319 1108 munis
1361 1045 1445 1106 ad
1487 1063 1633 1123 pen.
1678 1043 1789 1104 lib.
1832 1043 1901 1104 M
1941 1043 2086 1104 den.
2133 1061 2284 1104 nov.
2327 1041 2480 1112 Pis„
2511 1041 2688 1120 quod
2715 1060 2846 1103 non
2873 1040 3204 1102 offendent
3244 1040 3562 1103 Vulter·

1106 1162 1348 1205 tanos
1388 1149 1680 1220 tempore
1719 1140 2184 1202 dominationis
2223 1138 2502 1200 Tauroni
2541 1139 2622 1199 de
2664 1136 2900 1200 Strada
2936 1137 3062 1198 Pis.
3093 1138 3439 1218 potestatis
3463 1157 3559 1198 oc·

1106 1241 1362 1301 casione
1404 1238 1773 1302 offentionis
1812 1237 1988 1298 facte
2029 1236 2306 1315 Teperto
2347 1241 2486 1296 not.
2528 1234 2610 1295 de
2641 1235 2928 1296 Peccioli.
3015 1237 3160 1296 Act.
3191 1237 3260 1295 in
3285 1235 3564 1296 claustro

1107 1337 1311 1417 plebis
1354 1338 1433 1398 de
1476 1336 1763 1397 Peccioli.
1848 1333 2036 1396 Oarlo
2075 1334 2185 1412 qd.
2232 1333 2560 1412 Opethini.
2604 1333 2864 1396 Cressca
2904 1333 3014 1410 qd.
3059 1331 3413 1394 Gerardini.
3453 1332 3560 1394 Or·

1108 1437 1302 1496 lando
1360 1433 1465 1514 qd.
1512 1435 1916 1511 Bonensigne
1957 1438 2038 1492 tt.
2139 1430 2676 1503 MOCXXXIIII,
2729 1430 2861 1493 ind.
2906 1430 3056 1501 VII,
3100 1431 3161 1492 V
3199 1429 3326 1491 kal.
3375 1437 3560 1491 mart.

1108 1531 1449 1592 Rainerius
1489 1531 1600 1609 qd.
1646 1530 2037 1592 Bonaooursi
2079 1527 2160 1589 de
2203 1527 2437 1590 cisano
2475 1527 2661 1589 Fred.
2708 1529 2860 1606 imp.
2905 1535 3043 1589 not.

1427 1628 1693 1689 Florem
1734 1627 1887 1688 Ast.
1937 1627 2130 1702 (Vols.
2163 1647 2226 1686 n.
2259 1625 2403 1702 350)
2449 1627 2622 1703 Θήῃ.

1111 1825 1251 1884 505
2629 1821 3032 1894 Veochienna,
3076 1821 3116 1882 2
3159 1820 3344 1882 Μᾶνε
3385 1821 3560 1882 1234.

1232 1921 1609 2000 Paganus
1650 1941 1751 1999 ep.
1797 1919 1974 1981 Vult.
2019 1919 2230 1998 presb.
2278 1920 2540 1981 Parisio.
2585 1918 2687 1980 Ad
2731 1918 3111 1998 petitionem
3153 1919 3416 1981 Martini
3455 1919 3568 1980 ab·

1112 2019 1285 2080 batis
1306 2040 1356 2080 s.
1384 2019 1548 2080 Iusti
1569 2019 1970 2080 comittimus
1991 2017 2132 2090 tibi,
2149 2025 2226 2078 ut
2247 2019 2514 2112 recipias
2535 2017 2966 2096 depositiones
2989 2019 3254 2078 testium
3275 2017 3566 2079 inducto-

1112 2137 1255 2178 rum
1298 2116 1383 2176 ab
1424 2115 1665 2178 abbate
1705 2117 1789 2178 ad
1833 2115 2168 2194 probanda
2213 2115 2380 2175 bona
2425 2135 2592 2177 mon.
2638 2116 2721 2175 ab
2765 2116 2966 2176 altero
3003 2116 3240 2177 iniuste
3279 2116 3568 2176 detenta.

1113 2216 1267 2276 Dat.
1312 2214 1659 2275 Vecchene.
1744 2212 2284 2285 MCCXXXIIII,
2331 2211 2422 2272 VI
2463 2233 2614 2276 non.
2661 2221 2872 2284 mart„
2921 2212 3050 2274 ind.
3096 2213 3281 2274 VIII.

1441 2312 1597 2375 Volt.
1641 2311 1785 2372 AM
1786 2313 1955 2374 unic.
2005 2311 2264 2388 (Radia)
2307 2311 2438 2372 ἄνει·
2487 2311 2954 2388 Trans-sumpte.
2988 2311 3186 2388 (Θήρ.
3217 2310 3375 2372 hatte
3415 2310 3576 2370 Ῑιᾶπ·

1436 2408 1658 2486 9eudes
1708 2408 2114 2484 Wachssieyel
2157 2407 2462 2485 Paqans).

1238 2603 1317 2664 In
1358 2603 1633 2666 eundem
1677 2603 1944 2664 modum
1985 2603 2070 2664 ad
2114 2623 2333 2665 omnes
2377 2603 2615 2664 fideles.

1436 2699 1690 2762 Ebemia
1736 2701 2172 2778 Transsumpt.

1122 2898 1259 2958 606.
2576 2896 2978 2970 Vecchienna‚
3021 2896 3062 2956 9
3105 2895 3354 2972 Auqmt
3390 2897 3582 2958 1234.

1240 2993 1877 3065 MOCXXX1111‚V
1921 2993 2008 3054 id.
2053 3015 2222 3072 aug„
2267 2995 2400 3056 ind.
2444 2993 2596 3055 VII.
2697 2995 3076 3074 Paganus
3118 2993 3292 3055 Vult.
3339 3015 3440 3072 ep.
3483 3015 3586 3056 re—

1118 3092 1389 3171 quisivit
1429 3091 1817 3154 Pandolfum
1862 3091 1970 3170 qd.
2014 3090 2458 3153 Ildebrandini
2495 3093 2578 3152 de
2618 3093 2957 3154 Manciano
2997 3111 3116 3204 pro
3161 3111 3230 3152 se
3275 3098 3344 3152 et
3381 3112 3584 3171 nepo·

1120 3186 1297 3249 tibus
1338 3187 1481 3250 filiis
1526 3187 1766 3259 Iacchi,
1810 3193 1885 3248 ut
1929 3188 2338 3267 recolligeret,
2384 3190 2700 3268 quidquid
2741 3189 3008 3250 haberet
3065 3189 3132 3250 in
3185 3189 3452 3250 feudum
3493 3190 3590 3250 ab

1120 3291 1493 3366 episcopatu
1536 3289 1712 3350 Vult.
1757 3288 1825 3348 in
1866 3295 2101 3357 castr0‚
2146 3295 2344 3360 curte,
2387 3287 2686 3348 districtu
2727 3287 2808 3348 de
2845 3285 3218 3349 castillione
3245 3289 3588 3362 Bernardi,

1123 3385 1201 3445 de
1242 3384 1630 3456 Vechienna,
1674 3383 1755 3444 de
1796 3382 2156 3456 Sirazzano,
2200 3385 2281 3445 de
2321 3383 2532 3446 Sasso.
2581 3384 2932 3446 Pandolfus
2985 3386 3177 3464 petiit
3233 3387 3586 3447 terminum

1122 3481 1208 3542 ab
1249 3501 1347 3560 ep.
1393 3481 1477 3542 ad
1518 3482 1641 3542 kal.
1686 3481 1845 3542 febr.
1890 3500 2074 3560 prox.
2118 3482 2568 3558 expediendis
2595 3484 2901 3560 personis,
2932 3501 3058 3560 que
3085 3481 3380 3544 detinent
3410 3483 3592 3546 med.

1123 3584 1499 3652 castrorum,
1542 3585 1609 3638 et
1650 3579 2035 3641 nominatim
2078 3601 2116 3639 a
2157 3580 2303 3640 filiis
2357 3579 2697 3657 Ingirrami
2751 3579 2832 3640 de
2889 3581 3176 3654 BisernO,
3223 3579 3594 3660 Ingirramo

1123 3679 1203 3739 de
1246 3677 1576 3757 campilia,
1620 3699 1661 3738 a
1702 3676 2024 3738 Rainaldo
2064 3680 2317 3750 comite,
2363 3699 2404 3738 a
2445 3679 2586 3738 filiis
2629 3677 2888 3756 Uggerii
2930 3677 3319 3749 Pannochie‚
3351 3699 3392 3738 a.
3427 3678 3589 3738 lam-

1126 3774 1343 3835 bardis
1382 3775 1463 3834 de
1504 3773 1889 3836 Castelnovo
1931 3775 2068 3834 sive
2109 3775 2189 3834 de
2230 3773 2442 3846 sasso,
2482 3774 2644 3836 aliis.
2687 3775 2810 3852 Ep.
2863 3773 3178 3836 Pandolfo
3233 3777 3592 3836 terminum

1127 3872 1458 3932 concessit.
1544 3871 1689 3932 Act.
1737 3871 1913 3948 apud
1953 3871 2388 3932 Vechiennam
2419 3871 2488 3933 in
2515 3871 2666 3932 eccl.
2701 3890 2754 3931 s.
2785 3870 3045 3933 Donati.
3131 3871 3470 3950 Proposito
3507 3873 3596 3932 de

1125 3968 1349 4030 Monte
1390 3967 1739 4030 VultrariO.
1781 3967 1992 4047 presb.
2023 3969 2334 4029 Michaele
2361 3968 2441 4028 de
2477 3969 2721 4030 Leccia.
2758 3967 3218 4030 Ildebrandino
3257 3969 3362 4047 qd.
3411 3969 3598 4031 Men·

1127 4066 1291 4145 drigi
1334 4071 1415 4124 tt.
1502 4064 1714 4127 Guido
1756 4067 1909 4143 imp.
1953 4072 2090 4126 not.

1456 4163 1611 4225 Volt.
1661 4162 1898 4224 AVesc.
1943 4182 1994 4223 ε.
2039 4163 2228 4224 XIII
2270 4163 2390 4224 dec.
2438 4165 2475 4224 4
2520 4185 2580 4224 n.
2623 4163 2706 4224 18
2745 4163 2916 4240 Orio.

1130 4359 1269 4420 507.
2549 4357 2950 4430 Pomarance,
2993 4359 3075 4420 22
3115 4359 3366 4435 Auqust
3406 4359 3602 4420 1234.

1250 4457 1631 4534 Paganus
1687 4475 1787 4534 ep.
1834 4455 2010 4515 Vult.
2056 4459 2382 4534 preposito
2425 4455 2770 4518 Casulensi.
2855 4457 3258 4528 Mandamus,
3300 4461 3380 4516 ut
3411 4456 3596 4517 dicta

1128 4557 1393 4616 testium
1437 4575 1475 4614 a
1518 4552 1792 4632 plebano
1842 4553 1990 4617 eccl.
2049 4555 2116 4615 in
2174 4555 2706 4632 Ripamarrancia
2759 4553 3278 4616 introductorum
3333 4551 3600 4632 publice

1130 4654 1330 4732 redigi
1370 4651 1590 4722 facias,
1630 4669 1713 4711 ne
1755 4650 1930 4712 bona.
1968 4652 2116 4712 eccl.
2160 4651 2243 4712 de
2271 4651 2805 4730 Ripamarrancia
2844 4651 3308 4714 diminuantur.
3390 4650 3602 4710 Lecte

1128 4751 1341 4812 littere
1382 4748 1450 4810 in
1491 4747 1771 4808 claustro
1814 4747 2017 4826 plebis
2060 4747 2139 4808 de
2185 4748 2736 4826 Ripamarrancia.
2819 4747 3098 4832 Dainese
3153 4748 3262 4827 qd.
3305 4746 3600 4810 Serscini
