<?xml version="1.0" encoding="UTF-8"?>
<!DOCTYPE html PUBLIC "-//W3C//DTD XHTML 1.0 Transitional//EN"
    "http://www.w3.org/TR/xhtml1/DTD/xhtml1-transitional.dtd">
<html xmlns="http://www.w3.org/1999/xhtml" xml:lang="en" lang="en">
 <head>
  <title>
</title>
<meta http-equiv="Content-Type" content="text/html;charset=utf-8" />
  <meta name='ocr-system' content='tesseract 3.04.00' />
  <meta name='ocr-capabilities' content='ocr_page ocr_carea ocr_par ocr_line ocrx_word'/>
</head>
<body>
  <div class='ocr_page' id='page_1' title='image "./regestumvolater00schngoog_0357.png"; bbox 0 0 3817 5642; ppageno 0'>
   <div class='ocr_carea' id='block_1_1' title="bbox 957 586 2773 642">
    <p class='ocr_par' dir='ltr' id='par_1_1' title="bbox 957 586 2773 642">
     <span class='ocr_line' id='line_1_1' title="bbox 957 586 2773 642; baseline 0.001 -3"><span class='ocrx_word' id='word_1_1' title='bbox 957 586 1332 642; x_wconf 79' lang='lat' dir='ltr'><strong>REGESTU</strong></span> <span class='ocrx_word' id='word_1_2' title='bbox 1339 587 1402 640; x_wconf 82' lang='lat' dir='ltr'>M</span> <span class='ocrx_word' id='word_1_3' title='bbox 1439 586 2001 641; x_wconf 76' lang='lat' dir='ltr'><strong>VOLATERRAN</strong></span> <span class='ocrx_word' id='word_1_4' title='bbox 2008 588 2063 640; x_wconf 90' lang='lat' dir='ltr'>U</span> <span class='ocrx_word' id='word_1_5' title='bbox 2066 588 2129 641; x_wconf 90' lang='lat' dir='ltr'><strong>M</strong></span> <span class='ocrx_word' id='word_1_6' title='bbox 2666 588 2773 641; x_wconf 81' lang='lat'><strong>293</strong></span> 
     </span>
    </p>
   </div>
   <div class='ocr_carea' id='block_1_2' title="bbox 346 682 1911 690">
    <p class='ocr_par' dir='ltr' id='par_1_2' title="bbox 346 682 1911 690">
     <span class='ocr_line' id='line_1_2' title="bbox 346 682 1911 690; baseline 0 -1"><span class='ocrx_word' id='word_1_7' title='bbox 346 684 411 690; x_wconf 67' lang='lat'><strong>——</strong></span> <span class='ocrx_word' id='word_1_8' title='bbox 446 684 473 689; x_wconf 88' lang='lat'>—</span> <span class='ocrx_word' id='word_1_9' title='bbox 606 684 642 689; x_wconf 81' lang='lat'><strong>--</strong></span> <span class='ocrx_word' id='word_1_10' title='bbox 686 684 829 689; x_wconf 43' lang='grc' dir='ltr'><strong>ᾖ--.-</strong></span> <span class='ocrx_word' id='word_1_11' title='bbox 1009 684 1073 688; x_wconf 85' lang='grc'><strong>--</strong></span> <span class='ocrx_word' id='word_1_12' title='bbox 1114 682 1569 689; x_wconf 80' lang='lat'>———-——--..—</span> <span class='ocrx_word' id='word_1_13' title='bbox 1590 682 1717 689; x_wconf 50' lang='grc' dir='ltr'><strong>φ*</strong></span> <span class='ocrx_word' id='word_1_14' title='bbox 1800 683 1911 689; x_wconf 61' lang='lat'><strong>-0</strong></span> 
     </span>
    </p>
   </div>
   <div class='ocr_carea' id='block_1_3' title="bbox 299 781 2775 1839">
    <p class='ocr_par' dir='ltr' id='par_1_3' title="bbox 303 781 2771 860">
     <span class='ocr_line' id='line_1_3' title="bbox 303 781 2771 860; baseline 0 -17"><span class='ocrx_word' id='word_1_15' title='bbox 303 785 452 846; x_wconf 79' lang='lat'><strong>867.</strong></span> <span class='ocrx_word' id='word_1_16' title='bbox 1636 781 1776 844; x_wconf 76' lang='lat' dir='ltr'><strong>San</strong></span> <span class='ocrx_word' id='word_1_17' title='bbox 1817 782 2216 860; x_wconf 72' lang='lat' dir='ltr'><strong>Gimiynam,</strong></span> <span class='ocrx_word' id='word_1_18' title='bbox 2262 782 2343 844; x_wconf 92' lang='grc'><strong>22</strong></span> <span class='ocrx_word' id='word_1_19' title='bbox 2380 782 2432 843; x_wconf 88' lang='lat' dir='ltr'><em>J</em></span> <span class='ocrx_word' id='word_1_20' title='bbox 2433 802 2550 845; x_wconf 77' lang='lat' dir='ltr'><strong>um</strong></span> <span class='ocrx_word' id='word_1_21' title='bbox 2590 783 2771 845; x_wconf 83' lang='lat'><strong>1280.</strong></span> 
     </span>
    </p>

    <p class='ocr_par' dir='ltr' id='par_1_4' title="bbox 299 880 2775 1839">
     <span class='ocr_line' id='line_1_4' title="bbox 431 880 2771 955; baseline 0 -13"><span class='ocrx_word' id='word_1_22' title='bbox 431 880 877 955; x_wconf 87' lang='lat' dir='ltr'>MCOLXXX,</span> <span class='ocrx_word' id='word_1_23' title='bbox 919 882 1048 943; x_wconf 90' lang='lat' dir='ltr'><strong>ind.</strong></span> <span class='ocrx_word' id='word_1_24' title='bbox 1093 880 1278 951; x_wconf 92' lang='lat' dir='ltr'>VIII,</span> <span class='ocrx_word' id='word_1_25' title='bbox 1323 880 1532 941; x_wconf 89' lang='lat' dir='ltr'>XXII</span> <span class='ocrx_word' id='word_1_26' title='bbox 1571 882 1704 941; x_wconf 91' lang='lat' dir='ltr'><strong>iun.</strong></span> <span class='ocrx_word' id='word_1_27' title='bbox 1793 881 2084 942; x_wconf 88' lang='lat' dir='ltr'><strong>Fantone</strong></span> <span class='ocrx_word' id='word_1_28' title='bbox 2123 880 2204 941; x_wconf 88' lang='lat' dir='ltr'><strong>de</strong></span> <span class='ocrx_word' id='word_1_29' title='bbox 2246 881 2468 942; x_wconf 78' lang='lat' dir='ltr'><strong>Roasis</strong></span> <span class='ocrx_word' id='word_1_30' title='bbox 2494 880 2575 942; x_wconf 86' lang='lat' dir='ltr'><strong>de</strong></span> <span class='ocrx_word' id='word_1_31' title='bbox 2603 880 2771 943; x_wconf 79' lang='lat' dir='ltr'><strong>Flor.</strong></span> 
     </span>
     <span class='ocr_line' id='line_1_5' title="bbox 299 978 2775 1059; baseline -0.001 -18"><span class='ocrx_word' id='word_1_32' title='bbox 299 984 601 1059; x_wconf 71' lang='lat' dir='ltr'><strong>potestas</strong></span> <span class='ocrx_word' id='word_1_33' title='bbox 641 978 861 1041; x_wconf 85' lang='lat' dir='ltr'><strong>Sancti</strong></span> <span class='ocrx_word' id='word_1_34' title='bbox 915 978 1321 1041; x_wconf 72' lang='lat' dir='ltr'><strong>Geminiani*</strong></span> <span class='ocrx_word' id='word_1_35' title='bbox 1330 984 1349 1055; x_wconf 92' lang='lat'>)</span> <span class='ocrx_word' id='word_1_36' title='bbox 1407 996 1718 1039; x_wconf 70' lang='lat' dir='ltr'><strong>consensu</strong></span> <span class='ocrx_word' id='word_1_37' title='bbox 1773 978 2017 1039; x_wconf 85' lang='lat' dir='ltr'><strong>consilii</strong></span> <span class='ocrx_word' id='word_1_38' title='bbox 2072 979 2264 1059; x_wconf 84' lang='lat' dir='ltr'><strong>elegit</strong></span> <span class='ocrx_word' id='word_1_39' title='bbox 2320 978 2563 1059; x_wconf 88' lang='lat' dir='ltr'><strong>Pepum</strong></span> <span class='ocrx_word' id='word_1_40' title='bbox 2622 979 2775 1039; x_wconf 89' lang='lat' dir='ltr'><strong>olim</strong></span> 
     </span>
     <span class='ocr_line' id='line_1_6' title="bbox 300 1074 2771 1156; baseline -0.001 -18"><span class='ocrx_word' id='word_1_41' title='bbox 300 1076 638 1138; x_wconf 80' lang='lat' dir='ltr'><strong>Michaelis</strong></span> <span class='ocrx_word' id='word_1_42' title='bbox 679 1076 878 1155; x_wconf 87' lang='lat' dir='ltr'>Burgi</span> <span class='ocrx_word' id='word_1_43' title='bbox 917 1082 985 1137; x_wconf 84' lang='lat' dir='ltr'><strong>et</strong></span> <span class='ocrx_word' id='word_1_44' title='bbox 1025 1074 1244 1137; x_wconf 61' lang='lat' dir='ltr'><strong>Colum</strong></span> <span class='ocrx_word' id='word_1_45' title='bbox 1303 1076 1456 1138; x_wconf 86' lang='lat' dir='ltr'><strong>olim</strong></span> <span class='ocrx_word' id='word_1_46' title='bbox 1496 1076 1829 1138; x_wconf 87' lang='lat' dir='ltr'><strong>Lamberti</strong></span> <span class='ocrx_word' id='word_1_47' title='bbox 1869 1082 2315 1154; x_wconf 74' lang='lat' dir='ltr'><strong>procuratores</strong></span> <span class='ocrx_word' id='word_1_48' title='bbox 2355 1075 2442 1136; x_wconf 84' lang='lat' dir='ltr'><strong>ad</strong></span> <span class='ocrx_word' id='word_1_49' title='bbox 2483 1096 2771 1156; x_wconf 89' lang='lat' dir='ltr'><strong>compro-</strong></span> 
     </span>
     <span class='ocr_line' id='line_1_7' title="bbox 301 1173 2771 1237; baseline -0 0"><span class='ocrx_word' id='word_1_50' title='bbox 301 1174 704 1237; x_wconf 86' lang='lat' dir='ltr'><strong>mittendum</strong></span> <span class='ocrx_word' id='word_1_51' title='bbox 745 1174 816 1236; x_wconf 92' lang='lat' dir='ltr'><strong>in</strong></span> <span class='ocrx_word' id='word_1_52' title='bbox 855 1194 1126 1235; x_wconf 90' lang='lat' dir='ltr'><strong>comune</strong></span> <span class='ocrx_word' id='word_1_53' title='bbox 1167 1175 1246 1235; x_wconf 89' lang='lat' dir='ltr'><strong>de</strong></span> <span class='ocrx_word' id='word_1_54' title='bbox 1286 1173 1530 1236; x_wconf 76' lang='lat' dir='ltr'><strong>casulis</strong></span> <span class='ocrx_word' id='word_1_55' title='bbox 1573 1174 1652 1235; x_wconf 88' lang='lat' dir='ltr'><strong>de</strong></span> <span class='ocrx_word' id='word_1_56' title='bbox 1696 1174 1806 1235; x_wconf 86' lang='lat' dir='ltr'><strong>lite</strong></span> <span class='ocrx_word' id='word_1_57' title='bbox 1847 1176 2017 1235; x_wconf 91' lang='lat' dir='ltr'><strong>inter</strong></span> <span class='ocrx_word' id='word_1_58' title='bbox 2058 1194 2327 1235; x_wconf 88' lang='lat' dir='ltr'><strong>comune</strong></span> <span class='ocrx_word' id='word_1_59' title='bbox 2382 1174 2605 1236; x_wconf 78' lang='lat' dir='ltr'><strong>Sancti</strong></span> <span class='ocrx_word' id='word_1_60' title='bbox 2651 1174 2771 1237; x_wconf 88' lang='lat' dir='ltr'><strong>Ge-</strong></span> 
     </span>
     <span class='ocr_line' id='line_1_8' title="bbox 303 1271 2774 1351; baseline -0 -18"><span class='ocrx_word' id='word_1_61' title='bbox 303 1272 580 1335; x_wconf 82' lang='lat' dir='ltr'><strong>miniani</strong></span> <span class='ocrx_word' id='word_1_62' title='bbox 622 1276 693 1332; x_wconf 84' lang='lat' dir='ltr'><strong>et</strong></span> <span class='ocrx_word' id='word_1_63' title='bbox 733 1272 1178 1332; x_wconf 83' lang='lat' dir='ltr'><strong>Ranerium</strong></span> <span class='ocrx_word' id='word_1_64' title='bbox 1217 1290 1320 1351; x_wconf 86' lang='lat' dir='ltr'><strong>ep.</strong></span> <span class='ocrx_word' id='word_1_65' title='bbox 1363 1271 1925 1334; x_wconf 69' lang='lat' dir='ltr'><strong>Vult.‘occasione</strong></span> <span class='ocrx_word' id='word_1_66' title='bbox 1966 1273 2159 1333; x_wconf 77' lang='lat' dir='ltr'><strong>castri</strong></span> <span class='ocrx_word' id='word_1_67' title='bbox 2198 1272 2281 1331; x_wconf 89' lang='lat' dir='ltr'><strong>de</strong></span> <span class='ocrx_word' id='word_1_68' title='bbox 2310 1271 2667 1335; x_wconf 78' lang='lat' dir='ltr'><strong>Gambasso</strong></span> <span class='ocrx_word' id='word_1_69' title='bbox 2706 1278 2774 1332; x_wconf 88' lang='lat' dir='ltr'><strong>et</strong></span> 
     </span>
     <span class='ocr_line' id='line_1_9' title="bbox 305 1368 2773 1449; baseline 0 -18"><span class='ocrx_word' id='word_1_70' title='bbox 305 1369 762 1443; x_wconf 71' lang='lat' dir='ltr'><strong>Gnmbaasino,</strong></span> <span class='ocrx_word' id='word_1_71' title='bbox 779 1372 974 1431; x_wconf 78' lang='lat' dir='ltr'><strong>castri</strong></span> <span class='ocrx_word' id='word_1_72' title='bbox 999 1370 1082 1431; x_wconf 86' lang='lat' dir='ltr'><strong>de</strong></span> <span class='ocrx_word' id='word_1_73' title='bbox 1107 1370 1430 1449; x_wconf 81' lang='lat' dir='ltr'><strong>Ulignano</strong></span> <span class='ocrx_word' id='word_1_74' title='bbox 1456 1374 1524 1431; x_wconf 87' lang='lat' dir='ltr'><strong>et</strong></span> <span class='ocrx_word' id='word_1_75' title='bbox 1551 1368 2007 1431; x_wconf 78' lang='lat' dir='ltr'><strong>destructionis</strong></span> <span class='ocrx_word' id='word_1_76' title='bbox 2034 1372 2189 1431; x_wconf 74' lang='lat' dir='ltr'><strong>eius.</strong></span> <span class='ocrx_word' id='word_1_77' title='bbox 2272 1370 2415 1431; x_wconf 85' lang='lat' dir='ltr'><strong>Act.</strong></span> <span class='ocrx_word' id='word_1_78' title='bbox 2448 1369 2513 1430; x_wconf 90' lang='lat' dir='ltr'><strong>in</strong></span> <span class='ocrx_word' id='word_1_79' title='bbox 2534 1369 2773 1432; x_wconf 87' lang='lat' dir='ltr'><strong>Sancto</strong></span> 
     </span>
     <span class='ocr_line' id='line_1_10' title="bbox 303 1465 2773 1545; baseline 0 -17"><span class='ocrx_word' id='word_1_80' title='bbox 303 1468 696 1530; x_wconf 86' lang='lat' dir='ltr'><strong>Geminiano</strong></span> <span class='ocrx_word' id='word_1_81' title='bbox 737 1468 804 1528; x_wconf 92' lang='lat' dir='ltr'><strong>in</strong></span> <span class='ocrx_word' id='word_1_82' title='bbox 844 1466 1090 1545; x_wconf 86' lang='lat' dir='ltr'><strong>palatio</strong></span> <span class='ocrx_word' id='word_1_83' title='bbox 1129 1465 1672 1540; x_wconf 83' lang='lat' dir='ltr'><strong>Mantellinorutn,</strong></span> <span class='ocrx_word' id='word_1_84' title='bbox 1715 1466 1828 1528; x_wconf 91' lang='lat' dir='ltr'><strong>ubi</strong></span> <span class='ocrx_word' id='word_1_85' title='bbox 1883 1469 2050 1529; x_wconf 84' lang='lat' dir='ltr'><strong>fiunt</strong></span> <span class='ocrx_word' id='word_1_86' title='bbox 2102 1468 2387 1528; x_wconf 83' lang='lat' dir='ltr'><strong>consilia.</strong></span> <span class='ocrx_word' id='word_1_87' title='bbox 2484 1468 2773 1529; x_wconf 78' lang='lat' dir='ltr'><strong>Iohanne</strong></span> 
     </span>
     <span class='ocr_line' id='line_1_11' title="bbox 305 1564 2771 1645; baseline 0 -20"><span class='ocrx_word' id='word_1_88' title='bbox 305 1565 520 1627; x_wconf 88' lang='lat' dir='ltr'><strong>iudice</strong></span> <span class='ocrx_word' id='word_1_89' title='bbox 563 1566 643 1625; x_wconf 89' lang='lat' dir='ltr'><strong>de</strong></span> <span class='ocrx_word' id='word_1_90' title='bbox 683 1565 1220 1643; x_wconf 82' lang='lat' dir='ltr'><strong>MontepulcianO.</strong></span> <span class='ocrx_word' id='word_1_91' title='bbox 1265 1564 1558 1627; x_wconf 83' lang='lat' dir='ltr'><strong>Guidone</strong></span> <span class='ocrx_word' id='word_1_92' title='bbox 1597 1566 1957 1645; x_wconf 83' lang='lat' dir='ltr'><strong>Megliorati</strong></span> <span class='ocrx_word' id='word_1_93' title='bbox 2015 1566 2093 1625; x_wconf 85' lang='lat' dir='ltr'><strong>de</strong></span> <span class='ocrx_word' id='word_1_94' title='bbox 2150 1564 2366 1626; x_wconf 86' lang='lat' dir='ltr'><strong>Prato.</strong></span> <span class='ocrx_word' id='word_1_95' title='bbox 2410 1566 2771 1627; x_wconf 86' lang='lat' dir='ltr'><strong>Alamanno</strong></span> 
     </span>
     <span class='ocr_line' id='line_1_12' title="bbox 301 1662 2770 1743; baseline 0 -18"><span class='ocrx_word' id='word_1_96' title='bbox 301 1670 448 1725; x_wconf 84' lang='lat' dir='ltr'><strong>not.</strong></span> <span class='ocrx_word' id='word_1_97' title='bbox 492 1662 717 1725; x_wconf 91' lang='lat' dir='ltr'><strong>Iacobi</strong></span> <span class='ocrx_word' id='word_1_98' title='bbox 743 1663 826 1725; x_wconf 89' lang='lat' dir='ltr'><strong>de</strong></span> <span class='ocrx_word' id='word_1_99' title='bbox 853 1663 1080 1726; x_wconf 79' lang='lat' dir='ltr'><strong>Castro</strong></span> <span class='ocrx_word' id='word_1_100' title='bbox 1106 1662 1496 1725; x_wconf 75' lang='lat' dir='ltr'><strong>Florentino.</strong></span> <span class='ocrx_word' id='word_1_101' title='bbox 1527 1664 1767 1725; x_wconf 87' lang='lat' dir='ltr'><strong>Iacobo</strong></span> <span class='ocrx_word' id='word_1_102' title='bbox 1795 1682 2069 1743; x_wconf 78' lang='lat' dir='ltr'><strong>precone</strong></span> <span class='ocrx_word' id='word_1_103' title='bbox 2108 1666 2401 1726; x_wconf 80' lang='lat' dir='ltr'><strong>comunis</strong></span> <span class='ocrx_word' id='word_1_104' title='bbox 2422 1670 2499 1725; x_wconf 85' lang='lat' dir='ltr'><strong>tt.</strong></span> <span class='ocrx_word' id='word_1_105' title='bbox 2584 1663 2770 1725; x_wconf 87' lang='lat' dir='ltr'><strong>Lam-</strong></span> 
     </span>
     <span class='ocr_line' id='line_1_13' title="bbox 305 1760 1416 1839; baseline 0.002 -20"><span class='ocrx_word' id='word_1_106' title='bbox 305 1760 536 1821; x_wconf 75' lang='lat' dir='ltr'><strong>bertus</strong></span> <span class='ocrx_word' id='word_1_107' title='bbox 577 1760 826 1821; x_wconf 83' lang='lat' dir='ltr'><strong>Trincie</strong></span> <span class='ocrx_word' id='word_1_108' title='bbox 871 1766 1037 1823; x_wconf 87' lang='lat' dir='ltr'><strong>auct.</strong></span> <span class='ocrx_word' id='word_1_109' title='bbox 1083 1762 1236 1839; x_wconf 87' lang='lat' dir='ltr'><strong>imp.</strong></span> <span class='ocrx_word' id='word_1_110' title='bbox 1282 1768 1416 1821; x_wconf 89' lang='lat' dir='ltr'><strong>not.</strong></span> 
     </span>
    </p>
   </div>
   <div class='ocr_carea' id='block_1_4' title="bbox 634 1857 2768 1937">
    <p class='ocr_par' dir='ltr' id='par_1_5' title="bbox 634 1857 2768 1937">
     <span class='ocr_line' id='line_1_14' title="bbox 634 1857 2768 1937; baseline -0 -19"><span class='ocrx_word' id='word_1_111' title='bbox 634 1857 772 1919; x_wconf 81' lang='lat' dir='ltr'><strong>San</strong></span> <span class='ocrx_word' id='word_1_112' title='bbox 815 1858 1194 1935; x_wconf 70' lang='lat' dir='ltr'><strong>Gimt&#39;qnano</strong></span> <span class='ocrx_word' id='word_1_113' title='bbox 1239 1858 1470 1919; x_wconf 84' lang='lat' dir='ltr'><strong>ACom.</strong></span> <span class='ocrx_word' id='word_1_114' title='bbox 1515 1858 1698 1919; x_wconf 73' lang='lat' dir='ltr'><strong>Liber</strong></span> <span class='ocrx_word' id='word_1_115' title='bbox 1738 1858 2000 1920; x_wconf 68' lang='lat' dir='ltr'><strong>blancus</strong></span> <span class='ocrx_word' id='word_1_116' title='bbox 2040 1858 2120 1919; x_wconf 88' lang='lat'><strong>87</strong></span> <span class='ocrx_word' id='word_1_117' title='bbox 2160 1858 2311 1937; x_wconf 83' lang='lat' dir='ltr'><strong>Cop.</strong></span> <span class='ocrx_word' id='word_1_118' title='bbox 2356 1879 2403 1919; x_wconf 79' lang='grc' dir='ltr'><strong>ε.</strong></span> <span class='ocrx_word' id='word_1_119' title='bbox 2448 1857 2637 1921; x_wconf 85' lang='lat' dir='ltr'><strong>XIII</strong></span> <span class='ocrx_word' id='word_1_120' title='bbox 2678 1879 2768 1919; x_wconf 78' lang='lat' dir='ltr'><strong>ex.</strong></span> 
     </span>
    </p>
   </div>
   <div class='ocr_carea' id='block_1_5' title="bbox 2287 681 2766 689">
    <p class='ocr_par' dir='ltr' id='par_1_6' title="bbox 2287 681 2766 689">
     <span class='ocr_line' id='line_1_15' title="bbox 2287 681 2766 689; baseline 0 4953"><span class='ocrx_word' id='word_1_121' title='bbox 2287 681 2766 689; x_wconf 95' lang='lat' dir='ltr'><strong> </strong></span> 
     </span>
    </p>
   </div>
   <div class='ocr_carea' id='block_1_6' title="bbox 1918 681 2284 689">
    <p class='ocr_par' dir='ltr' id='par_1_7' title="bbox 1918 681 2284 689">
     <span class='ocr_line' id='line_1_16' title="bbox 1918 681 2284 689; baseline 0 0"><span class='ocrx_word' id='word_1_122' title='bbox 1918 681 2284 689; x_wconf 95' lang='lat' dir='ltr'><strong> </strong></span> 
     </span>
    </p>
   </div>
   <div class='ocr_carea' id='block_1_7' title="bbox 301 2149 2773 2817">
    <p class='ocr_par' dir='ltr' id='par_1_8' title="bbox 305 2149 2770 2224">
     <span class='ocr_line' id='line_1_17' title="bbox 305 2149 2770 2224; baseline 0.001 -15"><span class='ocrx_word' id='word_1_123' title='bbox 305 2152 452 2209; x_wconf 88' lang='lat'><strong>868.</strong></span> <span class='ocrx_word' id='word_1_124' title='bbox 1537 2149 1758 2211; x_wconf 65' lang='lat' dir='ltr'><strong>casole</strong></span> <span class='ocrx_word' id='word_1_125' title='bbox 1807 2150 1931 2212; x_wconf 80' lang='lat' dir='ltr'><strong>Val</strong></span> <span class='ocrx_word' id='word_1_126' title='bbox 1970 2150 2033 2211; x_wconf 79' lang='lat' dir='ltr'><strong>d’</strong></span> <span class='ocrx_word' id='word_1_127' title='bbox 2040 2150 2215 2224; x_wconf 66' lang='lat' dir='ltr'><strong>Elea,</strong></span> <span class='ocrx_word' id='word_1_128' title='bbox 2224 2151 2341 2221; x_wconf 75' lang='grc'><em>24</em></span> <span class='ocrx_word' id='word_1_129' title='bbox 2379 2151 2549 2210; x_wconf 78' lang='lat' dir='ltr'><strong>Jum‘</strong></span> <span class='ocrx_word' id='word_1_130' title='bbox 2590 2149 2770 2211; x_wconf 91' lang='grc'><em>1280.</em></span> 
     </span>
    </p>

    <p class='ocr_par' dir='ltr' id='par_1_9' title="bbox 301 2245 2773 2817">
     <span class='ocr_line' id='line_1_18' title="bbox 433 2245 2771 2327; baseline 0 -20"><span class='ocrx_word' id='word_1_131' title='bbox 433 2245 882 2319; x_wconf 86' lang='lat' dir='ltr'>MCCLXXX,</span> <span class='ocrx_word' id='word_1_132' title='bbox 925 2248 1056 2308; x_wconf 89' lang='lat' dir='ltr'><strong>ind.</strong></span> <span class='ocrx_word' id='word_1_133' title='bbox 1101 2248 1286 2321; x_wconf 89' lang='lat' dir='ltr'>VIII,</span> <span class='ocrx_word' id='word_1_134' title='bbox 1347 2246 1625 2309; x_wconf 86' lang='lat' dir='ltr'>XXIIII</span> <span class='ocrx_word' id='word_1_135' title='bbox 1685 2249 1817 2309; x_wconf 91' lang='lat' dir='ltr'><strong>iun.</strong></span> <span class='ocrx_word' id='word_1_136' title='bbox 1924 2246 2390 2327; x_wconf 79' lang='lat' dir='ltr'><strong>Raynerius</strong></span> <span class='ocrx_word' id='word_1_137' title='bbox 2451 2247 2627 2309; x_wconf 90' lang='lat' dir='ltr'><strong>Vult.</strong></span> <span class='ocrx_word' id='word_1_138' title='bbox 2668 2268 2771 2327; x_wconf 89' lang='lat' dir='ltr'><strong>ep.</strong></span> 
     </span>
     <span class='ocr_line' id='line_1_19' title="bbox 304 2344 2773 2425; baseline 0 -20"><span class='ocrx_word' id='word_1_139' title='bbox 304 2346 654 2405; x_wconf 71' lang='lat' dir='ltr'><strong>constituit</strong></span> <span class='ocrx_word' id='word_1_140' title='bbox 695 2346 956 2407; x_wconf 87' lang='lat' dir='ltr'><strong>Donum</strong></span> <span class='ocrx_word' id='word_1_141' title='bbox 999 2346 1272 2424; x_wconf 85' lang='lat' dir='ltr'><strong>priorem</strong></span> <span class='ocrx_word' id='word_1_142' title='bbox 1315 2364 1364 2407; x_wconf 81' lang='lat' dir='ltr'><strong>s,</strong></span> <span class='ocrx_word' id='word_1_143' title='bbox 1409 2344 1608 2407; x_wconf 78' lang='lat' dir='ltr'><strong>Mario</strong></span> <span class='ocrx_word' id='word_1_144' title='bbox 1651 2345 1817 2406; x_wconf 84' lang='lat' dir='ltr'><strong>Flor.</strong></span> <span class='ocrx_word' id='word_1_145' title='bbox 1861 2352 1931 2406; x_wconf 83' lang='lat' dir='ltr'><strong>et</strong></span> <span class='ocrx_word' id='word_1_146' title='bbox 1958 2366 2008 2406; x_wconf 81' lang='lat' dir='ltr'><strong>s,</strong></span> <span class='ocrx_word' id='word_1_147' title='bbox 2048 2344 2219 2425; x_wconf 80' lang='lat' dir='ltr'><strong>Petri</strong></span> <span class='ocrx_word' id='word_1_148' title='bbox 2250 2352 2435 2424; x_wconf 86' lang='lat' dir='ltr'><strong>porte</strong></span> <span class='ocrx_word' id='word_1_149' title='bbox 2463 2345 2665 2407; x_wconf 79' lang='lat' dir='ltr'><strong>Sfficis</strong></span> <span class='ocrx_word' id='word_1_150' title='bbox 2692 2346 2773 2407; x_wconf 88' lang='lat' dir='ltr'><strong>de</strong></span> 
     </span>
     <span class='ocr_line' id='line_1_20' title="bbox 301 2442 2773 2521; baseline 0 -17"><span class='ocrx_word' id='word_1_151' title='bbox 301 2444 509 2513; x_wconf 81' lang='lat' dir='ltr'><strong>Vult..</strong></span> <span class='ocrx_word' id='word_1_152' title='bbox 566 2442 770 2521; x_wconf 83' lang='lat' dir='ltr'><strong>presb.</strong></span> <span class='ocrx_word' id='word_1_153' title='bbox 827 2442 1140 2505; x_wconf 87' lang='lat' dir='ltr'><strong>Iacobum</strong></span> <span class='ocrx_word' id='word_1_154' title='bbox 1193 2450 1502 2503; x_wconf 84' lang='lat' dir='ltr'><strong>rectorem</strong></span> <span class='ocrx_word' id='word_1_155' title='bbox 1546 2463 1595 2503; x_wconf 78' lang='lat' dir='ltr'><strong>a.</strong></span> <span class='ocrx_word' id='word_1_156' title='bbox 1641 2442 1881 2504; x_wconf 82' lang='lat' dir='ltr'><strong>Donat-i</strong></span> <span class='ocrx_word' id='word_1_157' title='bbox 1942 2442 2147 2521; x_wconf 84' lang='lat' dir='ltr'><strong>plebis</strong></span> <span class='ocrx_word' id='word_1_158' title='bbox 2186 2442 2246 2502; x_wconf 84' lang='lat' dir='ltr'><strong>S.</strong></span> <span class='ocrx_word' id='word_1_159' title='bbox 2290 2442 2655 2505; x_wconf 79' lang='lat' dir='ltr'><strong>Geminiani</strong></span> <span class='ocrx_word' id='word_1_160' title='bbox 2707 2449 2773 2505; x_wconf 87' lang='lat' dir='ltr'><strong>et</strong></span> 
     </span>
     <span class='ocr_line' id='line_1_21' title="bbox 305 2539 2771 2620; baseline 0 -18"><span class='ocrx_word' id='word_1_161' title='bbox 305 2539 814 2602; x_wconf 85' lang='lat' dir='ltr'><strong>Guillielminum</strong></span> <span class='ocrx_word' id='word_1_162' title='bbox 859 2546 1166 2603; x_wconf 88' lang='lat' dir='ltr'><strong>vocatum</strong></span> <span class='ocrx_word' id='word_1_163' title='bbox 1209 2542 1444 2602; x_wconf 88' lang='lat' dir='ltr'><strong>Prence</strong></span> <span class='ocrx_word' id='word_1_164' title='bbox 1485 2541 1594 2620; x_wconf 91' lang='lat' dir='ltr'><strong>qd.</strong></span> <span class='ocrx_word' id='word_1_165' title='bbox 1642 2540 1989 2603; x_wconf 84' lang='lat' dir='ltr'><strong>Guillielmi</strong></span> <span class='ocrx_word' id='word_1_166' title='bbox 2027 2560 2177 2602; x_wconf 87' lang='lat' dir='ltr'><strong>suos</strong></span> <span class='ocrx_word' id='word_1_167' title='bbox 2205 2548 2649 2619; x_wconf 78' lang='lat' dir='ltr'><strong>procuratores</strong></span> <span class='ocrx_word' id='word_1_168' title='bbox 2687 2542 2771 2603; x_wconf 87' lang='lat' dir='ltr'><strong>ad</strong></span> 
     </span>
     <span class='ocr_line' id='line_1_22' title="bbox 305 2638 2772 2717; baseline 0 -19"><span class='ocrx_word' id='word_1_169' title='bbox 305 2640 804 2717; x_wconf 83' lang='lat' dir='ltr'><strong>proponendum</strong></span> <span class='ocrx_word' id='word_1_170' title='bbox 843 2640 1158 2715; x_wconf 72' lang='lat' dir='ltr'><strong>potestati</strong></span> <span class='ocrx_word' id='word_1_171' title='bbox 1197 2638 1364 2699; x_wconf 85' lang='lat' dir='ltr'><strong>Flor.</strong></span> <span class='ocrx_word' id='word_1_172' title='bbox 1411 2640 1554 2701; x_wconf 88' lang='lat' dir='ltr'><strong>iura</strong></span> <span class='ocrx_word' id='word_1_173' title='bbox 1600 2640 1886 2717; x_wconf 83' lang='lat' dir='ltr'><strong>episcopi</strong></span> <span class='ocrx_word' id='word_1_174' title='bbox 1936 2640 2003 2699; x_wconf 89' lang='lat' dir='ltr'><strong>in</strong></span> <span class='ocrx_word' id='word_1_175' title='bbox 2040 2645 2255 2699; x_wconf 80' lang='lat' dir='ltr'><strong>castro</strong></span> <span class='ocrx_word' id='word_1_176' title='bbox 2308 2640 2387 2699; x_wconf 85' lang='lat' dir='ltr'><strong>de</strong></span> <span class='ocrx_word' id='word_1_177' title='bbox 2442 2638 2772 2699; x_wconf 76' lang='lat' dir='ltr'><strong>Pulioiano</strong></span> 
     </span>
     <span class='ocr_line' id='line_1_23' title="bbox 302 2732 2771 2817; baseline 0 -20"><span class='ocrx_word' id='word_1_178' title='bbox 302 2734 492 2798; x_wconf 83' lang='lat' dir='ltr'><strong>Vult.</strong></span> <span class='ocrx_word' id='word_1_179' title='bbox 535 2736 700 2797; x_wconf 90' lang='lat' dir='ltr'><strong>dioc.</strong></span> <span class='ocrx_word' id='word_1_180' title='bbox 783 2737 929 2797; x_wconf 89' lang='lat' dir='ltr'><strong>Act.</strong></span> <span class='ocrx_word' id='word_1_181' title='bbox 971 2736 1236 2799; x_wconf 76' lang='lat' dir='ltr'><strong>Casulis.</strong></span> <span class='ocrx_word' id='word_1_182' title='bbox 1320 2735 1588 2797; x_wconf 84' lang='lat' dir='ltr'><strong>Alberto</strong></span> <span class='ocrx_word' id='word_1_183' title='bbox 1613 2735 1890 2817; x_wconf 80' lang='lat' dir='ltr'><strong>plebano</strong></span> <span class='ocrx_word' id='word_1_184' title='bbox 1918 2737 2001 2797; x_wconf 86' lang='lat' dir='ltr'><strong>de</strong></span> <span class='ocrx_word' id='word_1_185' title='bbox 2029 2735 2323 2799; x_wconf 79' lang='lat' dir='ltr'><strong>Gerfaleo</strong></span> <span class='ocrx_word' id='word_1_186' title='bbox 2360 2742 2429 2797; x_wconf 86' lang='lat' dir='ltr'><strong>et</strong></span> <span class='ocrx_word' id='word_1_187' title='bbox 2469 2732 2771 2797; x_wconf 83' lang='lat' dir='ltr'><strong>Tinuocio</strong></span> 
     </span>
    </p>
   </div>
   <div class='ocr_carea' id='block_1_8' title="bbox 305 2832 2181 3009">
    <p class='ocr_par' dir='ltr' id='par_1_10' title="bbox 305 2832 2181 3009">
     <span class='ocr_line' id='line_1_24' title="bbox 305 2832 2181 2913; baseline 0 -18"><span class='ocrx_word' id='word_1_188' title='bbox 305 2836 422 2913; x_wconf 84' lang='lat' dir='ltr'><strong>qd.</strong></span> <span class='ocrx_word' id='word_1_189' title='bbox 469 2832 742 2895; x_wconf 72' lang='lat' dir='ltr'><strong>Gentilis</strong></span> <span class='ocrx_word' id='word_1_190' title='bbox 783 2838 864 2895; x_wconf 90' lang='lat' dir='ltr'><strong>tt.</strong></span> <span class='ocrx_word' id='word_1_191' title='bbox 946 2834 1222 2895; x_wconf 87' lang='lat' dir='ltr'><strong>Iacobus</strong></span> <span class='ocrx_word' id='word_1_192' title='bbox 1263 2834 1370 2912; x_wconf 84' lang='lat' dir='ltr'><strong>qd.</strong></span> <span class='ocrx_word' id='word_1_193' title='bbox 1414 2834 1658 2895; x_wconf 80' lang='lat' dir='ltr'><strong>Posche</strong></span> <span class='ocrx_word' id='word_1_194' title='bbox 1697 2834 1892 2895; x_wconf 85' lang='lat' dir='ltr'><strong>iudex</strong></span> <span class='ocrx_word' id='word_1_195' title='bbox 1934 2841 2004 2895; x_wconf 89' lang='lat' dir='ltr'><strong>et</strong></span> <span class='ocrx_word' id='word_1_196' title='bbox 2044 2840 2181 2895; x_wconf 90' lang='lat' dir='ltr'><strong>not.</strong></span> 
     </span>
     <span class='ocr_line' id='line_1_25' title="bbox 643 2930 1984 3009; baseline 0 -16"><span class='ocrx_word' id='word_1_197' title='bbox 643 2930 796 2993; x_wconf 63' lang='lat' dir='ltr'><strong>Vola.</strong></span> <span class='ocrx_word' id='word_1_198' title='bbox 829 2930 1066 2993; x_wconf 71' lang='lat' dir='ltr'><strong>AVeac.</strong></span> <span class='ocrx_word' id='word_1_199' title='bbox 1094 2952 1145 2992; x_wconf 74' lang='lat' dir='ltr'><strong>a.</strong></span> <span class='ocrx_word' id='word_1_200' title='bbox 1168 2930 1356 2992; x_wconf 87' lang='lat' dir='ltr'>XIII</span> <span class='ocrx_word' id='word_1_201' title='bbox 1383 2932 1506 2992; x_wconf 82' lang='lat' dir='ltr'><strong>dec.</strong></span> <span class='ocrx_word' id='word_1_202' title='bbox 1541 2932 1581 2992; x_wconf 89' lang='grc'><em>8</em></span> <span class='ocrx_word' id='word_1_203' title='bbox 1607 2951 1670 2992; x_wconf 82' lang='grc' dir='ltr'><strong>π.</strong></span> <span class='ocrx_word' id='word_1_204' title='bbox 1703 2933 1783 2993; x_wconf 88' lang='grc'><strong>87</strong></span> <span class='ocrx_word' id='word_1_205' title='bbox 1811 2932 1984 3009; x_wconf 73' lang='lat' dir='ltr'><strong>Oriq.</strong></span> 
     </span>
    </p>
   </div>
   <div class='ocr_carea' id='block_1_9' title="bbox 297 3222 2774 4161">
    <p class='ocr_par' dir='ltr' id='par_1_11' title="bbox 297 3222 2774 4161">
     <span class='ocr_line' id='line_1_26' title="bbox 307 3222 2769 3299; baseline -0.001 -14"><span class='ocrx_word' id='word_1_206' title='bbox 307 3225 453 3286; x_wconf 88' lang='grc'><strong>869.</strong></span> <span class='ocrx_word' id='word_1_207' title='bbox 1889 3224 2131 3296; x_wconf 64' lang='lat' dir='ltr'><strong>Cacole,</strong></span> <span class='ocrx_word' id='word_1_208' title='bbox 2178 3224 2258 3284; x_wconf 87' lang='grc'><strong>29</strong></span> <span class='ocrx_word' id='word_1_209' title='bbox 2303 3222 2553 3299; x_wconf 70' lang='lat' dir='ltr'><strong>Auyuat</strong></span> <span class='ocrx_word' id='word_1_210' title='bbox 2591 3224 2769 3285; x_wconf 86' lang='grc'><em>1280.</em></span> 
     </span>
     <span class='ocr_line' id='line_1_27' title="bbox 435 3319 2773 3400; baseline 0 -19"><span class='ocrx_word' id='word_1_211' title='bbox 435 3319 878 3391; x_wconf 84' lang='lat' dir='ltr'>MOCLXXX,</span> <span class='ocrx_word' id='word_1_212' title='bbox 921 3320 1055 3381; x_wconf 89' lang='lat' dir='ltr'><strong>ind.</strong></span> <span class='ocrx_word' id='word_1_213' title='bbox 1088 3320 1270 3389; x_wconf 91' lang='lat' dir='ltr'>VIII,</span> <span class='ocrx_word' id='word_1_214' title='bbox 1315 3320 1652 3383; x_wconf 90' lang='lat' dir='ltr'>XXVIIII</span> <span class='ocrx_word' id='word_1_215' title='bbox 1683 3341 1824 3400; x_wconf 83' lang='lat' dir='ltr'><strong>aug.</strong></span> <span class='ocrx_word' id='word_1_216' title='bbox 1909 3320 2317 3382; x_wconf 83' lang='lat' dir='ltr'><strong>Ranerius</strong></span> <span class='ocrx_word' id='word_1_217' title='bbox 2361 3340 2456 3399; x_wconf 88' lang='lat' dir='ltr'><strong>ep.</strong></span> <span class='ocrx_word' id='word_1_218' title='bbox 2501 3320 2675 3382; x_wconf 85' lang='lat' dir='ltr'><strong>Vult.</strong></span> <span class='ocrx_word' id='word_1_219' title='bbox 2706 3326 2773 3382; x_wconf 86' lang='lat' dir='ltr'><strong>et</strong></span> 
     </span>
     <span class='ocr_line' id='line_1_28' title="bbox 301 3417 2771 3497; baseline -0 -17"><span class='ocrx_word' id='word_1_220' title='bbox 301 3420 524 3497; x_wconf 83' lang='lat' dir='ltr'><strong>Pepus</strong></span> <span class='ocrx_word' id='word_1_221' title='bbox 557 3417 706 3480; x_wconf 88' lang='lat' dir='ltr'><strong>olim</strong></span> <span class='ocrx_word' id='word_1_222' title='bbox 735 3418 1060 3479; x_wconf 83' lang='lat' dir='ltr'><strong>Michaelis</strong></span> <span class='ocrx_word' id='word_1_223' title='bbox 1089 3418 1369 3478; x_wconf 80' lang='lat' dir='ltr'><strong>sindicus</strong></span> <span class='ocrx_word' id='word_1_224' title='bbox 1397 3420 1687 3479; x_wconf 87' lang='lat' dir='ltr'><strong>comunis</strong></span> <span class='ocrx_word' id='word_1_225' title='bbox 1715 3418 1935 3479; x_wconf 64' lang='lat' dir='ltr'><strong>Sincti</strong></span> <span class='ocrx_word' id='word_1_226' title='bbox 1967 3419 2373 3481; x_wconf 76' lang='lat' dir='ltr'><strong>Geminiani·</strong></span> <span class='ocrx_word' id='word_1_227' title='bbox 2356 3440 2423 3480; x_wconf 86' lang='lat' dir='ltr'><strong>m</strong></span> <span class='ocrx_word' id='word_1_228' title='bbox 2451 3422 2771 3497; x_wconf 79' lang='lat' dir='ltr'><strong>presentia</strong></span> 
     </span>
     <span class='ocr_line' id='line_1_29' title="bbox 299 3514 2773 3597; baseline 0 -19"><span class='ocrx_word' id='word_1_229' title='bbox 299 3517 568 3579; x_wconf 88' lang='lat' dir='ltr'><strong>Andree</strong></span> <span class='ocrx_word' id='word_1_230' title='bbox 607 3514 819 3575; x_wconf 83' lang='lat' dir='ltr'><strong>Maffei</strong></span> <span class='ocrx_word' id='word_1_231' title='bbox 851 3520 918 3574; x_wconf 88' lang='lat' dir='ltr'><strong>et</strong></span> <span class='ocrx_word' id='word_1_232' title='bbox 946 3514 1148 3575; x_wconf 89' lang='lat' dir='ltr'><strong>Nardi</strong></span> <span class='ocrx_word' id='word_1_233' title='bbox 1176 3514 1438 3593; x_wconf 83' lang='lat' dir='ltr'><strong>Rogerii</strong></span> <span class='ocrx_word' id='word_1_234' title='bbox 1463 3514 1854 3576; x_wconf 85' lang='lat' dir='ltr'><strong>arbitrorum</strong></span> <span class='ocrx_word' id='word_1_235' title='bbox 1883 3517 1963 3576; x_wconf 87' lang='lat' dir='ltr'><strong>de</strong></span> <span class='ocrx_word' id='word_1_236' title='bbox 1991 3516 2236 3577; x_wconf 78' lang='lat' dir='ltr'><strong>Casulis</strong></span> <span class='ocrx_word' id='word_1_237' title='bbox 2265 3522 2773 3597; x_wconf 73' lang='lat' dir='ltr'><strong>prorogaverunt</strong></span> 
     </span>
     <span class='ocr_line' id='line_1_30' title="bbox 299 3611 2769 3691; baseline -0 -14"><span class='ocrx_word' id='word_1_238' title='bbox 299 3614 665 3677; x_wconf 77' lang='lat' dir='ltr'><strong>terminum</strong></span> <span class='ocrx_word' id='word_1_239' title='bbox 707 3614 791 3673; x_wconf 86' lang='lat' dir='ltr'><strong>ad</strong></span> <span class='ocrx_word' id='word_1_240' title='bbox 831 3612 1070 3673; x_wconf 81' lang='lat' dir='ltr'><strong>festum</strong></span> <span class='ocrx_word' id='word_1_241' title='bbox 1111 3632 1160 3673; x_wconf 80' lang='lat' dir='ltr'><strong>e.</strong></span> <span class='ocrx_word' id='word_1_242' title='bbox 1207 3612 1548 3674; x_wconf 49' lang='lat' dir='ltr'><strong>Michaelis</strong></span> <span class='ocrx_word' id='word_1_243' title='bbox 1633 3614 1776 3673; x_wconf 87' lang='lat' dir='ltr'><strong>Act.</strong></span> <span class='ocrx_word' id='word_1_244' title='bbox 1821 3614 1886 3673; x_wconf 90' lang='lat' dir='ltr'><strong>in</strong></span> <span class='ocrx_word' id='word_1_245' title='bbox 1932 3611 2117 3691; x_wconf 89' lang='lat' dir='ltr'><strong>plebe</strong></span> <span class='ocrx_word' id='word_1_246' title='bbox 2156 3612 2236 3675; x_wconf 87' lang='lat' dir='ltr'><strong>de</strong></span> <span class='ocrx_word' id='word_1_247' title='bbox 2277 3613 2540 3675; x_wconf 80' lang='lat' dir='ltr'><strong>Casulis.</strong></span> <span class='ocrx_word' id='word_1_248' title='bbox 2625 3614 2769 3676; x_wconf 70' lang='lat' dir='ltr'><strong>Gar-</strong></span> 
     </span>
     <span class='ocr_line' id='line_1_31' title="bbox 299 3708 2774 3790; baseline -0.001 -16"><span class='ocrx_word' id='word_1_249' title='bbox 299 3713 530 3774; x_wconf 86' lang='lat' dir='ltr'><strong>rocino</strong></span> <span class='ocrx_word' id='word_1_250' title='bbox 572 3708 954 3787; x_wconf 78' lang='lat' dir='ltr'><strong>archipresb.</strong></span> <span class='ocrx_word' id='word_1_251' title='bbox 1001 3710 1174 3769; x_wconf 90' lang='lat' dir='ltr'><strong>Vult.</strong></span> <span class='ocrx_word' id='word_1_252' title='bbox 1219 3710 1431 3771; x_wconf 87' lang='lat' dir='ltr'><strong>Ticcio</strong></span> <span class='ocrx_word' id='word_1_253' title='bbox 1461 3710 1842 3789; x_wconf 83' lang='lat' dir='ltr'><strong>archipresb.</strong></span> <span class='ocrx_word' id='word_1_254' title='bbox 1875 3712 1955 3771; x_wconf 88' lang='lat' dir='ltr'><strong>de</strong></span> <span class='ocrx_word' id='word_1_255' title='bbox 1984 3708 2170 3771; x_wconf 86' lang='lat' dir='ltr'><strong>Colle.</strong></span> <span class='ocrx_word' id='word_1_256' title='bbox 2202 3710 2471 3772; x_wconf 72' lang='lat' dir='ltr'><strong>Albe-rto</strong></span> <span class='ocrx_word' id='word_1_257' title='bbox 2498 3710 2774 3790; x_wconf 82' lang='lat' dir='ltr'><strong>plebano</strong></span> 
     </span>
     <span class='ocr_line' id='line_1_32' title="bbox 297 3806 1853 3886; baseline -0.001 -15"><span class='ocrx_word' id='word_1_258' title='bbox 297 3810 398 3871; x_wconf 84' lang='lat' dir='ltr'><strong>de</strong></span> <span class='ocrx_word' id='word_1_259' title='bbox 433 3806 728 3869; x_wconf 74' lang='lat' dir='ltr'><strong>Gerfaleo</strong></span> <span class='ocrx_word' id='word_1_260' title='bbox 771 3812 848 3867; x_wconf 85' lang='lat' dir='ltr'><strong>tt.</strong></span> <span class='ocrx_word' id='word_1_261' title='bbox 935 3808 1344 3884; x_wconf 77' lang='lat' dir='ltr'><strong>(Lambertue</strong></span> <span class='ocrx_word' id='word_1_262' title='bbox 1385 3808 1634 3869; x_wconf 83' lang='lat' dir='ltr'><strong>Trincie</strong></span> <span class='ocrx_word' id='word_1_263' title='bbox 1673 3813 1853 3886; x_wconf 57' lang='lat' dir='ltr'><strong>noh).</strong></span> 
     </span>
     <span class='ocr_line' id='line_1_33' title="bbox 633 3904 2767 3984; baseline 0.001 -18"><span class='ocrx_word' id='word_1_264' title='bbox 633 3904 772 3966; x_wconf 68' lang='lat' dir='ltr'><strong>San</strong></span> <span class='ocrx_word' id='word_1_265' title='bbox 811 3905 1192 3981; x_wconf 73' lang='lat' dir='ltr'><strong>Gimiqnano</strong></span> <span class='ocrx_word' id='word_1_266' title='bbox 1237 3904 1469 3967; x_wconf 83' lang='lat' dir='ltr'><strong>AGom.</strong></span> <span class='ocrx_word' id='word_1_267' title='bbox 1513 3905 1698 3967; x_wconf 69' lang='lat' dir='ltr'><strong>Liber</strong></span> <span class='ocrx_word' id='word_1_268' title='bbox 1737 3907 1992 3967; x_wconf 68' lang='lat' dir='ltr'><strong>blancus</strong></span> <span class='ocrx_word' id='word_1_269' title='bbox 2044 3904 2125 3965; x_wconf 79' lang='lat'><strong>55</strong></span> <span class='ocrx_word' id='word_1_270' title='bbox 2164 3906 2315 3984; x_wconf 83' lang='lat' dir='ltr'><strong>Oop.</strong></span> <span class='ocrx_word' id='word_1_271' title='bbox 2360 3926 2405 3968; x_wconf 74' lang='grc' dir='ltr'><strong>ε.</strong></span> <span class='ocrx_word' id='word_1_272' title='bbox 2452 3904 2642 3967; x_wconf 84' lang='lat' dir='ltr'>XIII</span> <span class='ocrx_word' id='word_1_273' title='bbox 2682 3926 2767 3968; x_wconf 77' lang='lat' dir='ltr'><strong>ex.</strong></span> 
     </span>
     <span class='ocr_line' id='line_1_34' title="bbox 639 4000 2773 4080; baseline 0 -17"><span class='ocrx_word' id='word_1_274' title='bbox 639 4004 776 4076; x_wconf 78' lang='lat' dir='ltr'><strong>(mit</strong></span> <span class='ocrx_word' id='word_1_275' title='bbox 797 4022 857 4062; x_wconf 85' lang='lat' dir='ltr'><strong>n.</strong></span> <span class='ocrx_word' id='word_1_276' title='bbox 890 4002 1010 4063; x_wconf 87' lang='grc'><strong>873</strong></span> <span class='ocrx_word' id='word_1_277' title='bbox 1036 4007 1433 4078; x_wconf 70' lang='lat' dir='ltr'><strong>zusammen).</strong></span> <span class='ocrx_word' id='word_1_278' title='bbox 1515 4002 1661 4080; x_wconf 74' lang='lat' dir='ltr'><strong>Req.</strong></span> <span class='ocrx_word' id='word_1_279' title='bbox 1701 4002 2065 4063; x_wconf 67' lang='lat' dir='ltr'><strong>Davideolm</strong></span> <span class='ocrx_word' id='word_1_280' title='bbox 2088 4002 2528 4079; x_wconf 73' lang='lat' dir='ltr'><strong>Forschuuqen</strong></span> <span class='ocrx_word' id='word_1_281' title='bbox 2554 4000 2631 4063; x_wconf 94' lang='lat' dir='ltr'><strong>II</strong></span> <span class='ocrx_word' id='word_1_282' title='bbox 2652 4002 2773 4064; x_wconf 85' lang='lat'><strong>217</strong></span> 
     </span>
     <span class='ocr_line' id='line_1_35' title="bbox 633 4100 921 4161; baseline -0.007 0"><span class='ocrx_word' id='word_1_283' title='bbox 633 4120 698 4161; x_wconf 82' lang='lat' dir='ltr'><strong>n.</strong></span> <span class='ocrx_word' id='word_1_284' title='bbox 745 4100 921 4161; x_wconf 83' lang='lat'><strong>1612.</strong></span> 
     </span>
    </p>
   </div>
   <div class='ocr_carea' id='block_1_10' title="bbox 305 4292 2772 4473">
    <p class='ocr_par' dir='ltr' id='par_1_12' title="bbox 305 4292 2772 4473">
     <span class='ocr_line' id='line_1_36' title="bbox 305 4292 2769 4372; baseline -0.001 -14"><span class='ocrx_word' id='word_1_285' title='bbox 305 4296 451 4359; x_wconf 84' lang='lat'><strong>870.</strong></span> <span class='ocrx_word' id='word_1_286' title='bbox 1775 4296 1826 4355; x_wconf 85' lang='lat' dir='ltr'><em>V</em></span> <span class='ocrx_word' id='word_1_287' title='bbox 1831 4296 2073 4368; x_wconf 83' lang='lat' dir='ltr'><strong>olterra,</strong></span> <span class='ocrx_word' id='word_1_288' title='bbox 2121 4296 2160 4357; x_wconf 89' lang='lat'><strong><em>6</em></strong></span> <span class='ocrx_word' id='word_1_289' title='bbox 2201 4294 2552 4372; x_wconf 78' lang='lat' dir='ltr'><strong>September</strong></span> <span class='ocrx_word' id='word_1_290' title='bbox 2590 4292 2769 4356; x_wconf 87' lang='lat'><strong>1280.</strong></span> 
     </span>
     <span class='ocr_line' id='line_1_37' title="bbox 435 4392 2772 4473; baseline -0 -17"><span class='ocrx_word' id='word_1_291' title='bbox 435 4394 842 4456; x_wconf 82' lang='lat' dir='ltr'><strong>Ranerius</strong></span> <span class='ocrx_word' id='word_1_292' title='bbox 899 4415 996 4473; x_wconf 90' lang='lat' dir='ltr'><strong>ep.</strong></span> <span class='ocrx_word' id='word_1_293' title='bbox 1055 4392 1228 4454; x_wconf 87' lang='lat' dir='ltr'><strong>Vult.</strong></span> <span class='ocrx_word' id='word_1_294' title='bbox 1274 4392 1612 4455; x_wconf 85' lang='lat' dir='ltr'><strong>admonuit</strong></span> <span class='ocrx_word' id='word_1_295' title='bbox 1671 4414 1941 4455; x_wconf 87' lang='lat' dir='ltr'><strong>comune</strong></span> <span class='ocrx_word' id='word_1_296' title='bbox 1984 4394 2205 4455; x_wconf 83' lang='lat' dir='ltr'><strong>Sancti</strong></span> <span class='ocrx_word' id='word_1_297' title='bbox 2254 4394 2635 4467; x_wconf 84' lang='lat' dir='ltr'><strong>Geminiani,</strong></span> <span class='ocrx_word' id='word_1_298' title='bbox 2688 4414 2772 4455; x_wconf 81' lang='lat' dir='ltr'><strong>ne</strong></span> 
     </span>
    </p>
   </div>
   <div class='ocr_carea' id='block_1_11' title="bbox 303 4619 2774 4771">
    <p class='ocr_par' dir='ltr' id='par_1_13' title="bbox 303 4619 2774 4771">
     <span class='ocr_line' id='line_1_38' title="bbox 461 4619 2772 4687; baseline -0 -17"><span class='ocrx_word' id='word_1_299' title='bbox 461 4622 504 4687; x_wconf 87' lang='grc' dir='ltr'><strong>ι)</strong></span> <span class='ocrx_word' id='word_1_300' title='bbox 543 4622 699 4671; x_wconf 74' lang='lat' dir='ltr'><strong>Siehc</strong></span> <span class='ocrx_word' id='word_1_301' title='bbox 735 4622 1054 4670; x_wconf 74' lang='lat' dir='ltr'><strong>Davidoohn</strong></span> <span class='ocrx_word' id='word_1_302' title='bbox 1106 4621 1488 4681; x_wconf 70' lang='lat' dir='ltr'><strong>F&#39;orechnnqen</strong></span> <span class='ocrx_word' id='word_1_303' title='bbox 1537 4620 1604 4669; x_wconf 91' lang='lat' dir='ltr'><strong>II</strong></span> <span class='ocrx_word' id='word_1_304' title='bbox 1647 4622 1749 4669; x_wconf 75' lang='lat'><strong>:216</strong></span> <span class='ocrx_word' id='word_1_305' title='bbox 1791 4634 1838 4667; x_wconf 80' lang='lat' dir='ltr'><strong>n.</strong></span> <span class='ocrx_word' id='word_1_306' title='bbox 1887 4622 2021 4668; x_wconf 75' lang='lat'><strong>1609</strong></span> <span class='ocrx_word' id='word_1_307' title='bbox 2062 4620 2174 4669; x_wconf 75' lang='lat' dir='ltr'><strong>und</strong></span> <span class='ocrx_word' id='word_1_308' title='bbox 2210 4619 2469 4681; x_wconf 73' lang='lat' dir='ltr'><strong>jolyemie.</strong></span> <span class='ocrx_word' id='word_1_309' title='bbox 2544 4620 2625 4667; x_wconf 75' lang='lat' dir='ltr'><strong>Er</strong></span> <span class='ocrx_word' id='word_1_310' title='bbox 2660 4630 2772 4669; x_wconf 76' lang='lat' dir='ltr'><strong>war</strong></span> 
     </span>
     <span class='ocr_line' id='line_1_39' title="bbox 303 4708 2774 4771; baseline -0.002 -10"><span class='ocrx_word' id='word_1_311' title='bbox 303 4712 449 4761; x_wconf 74' lang='lat' dir='ltr'><strong>wohl</strong></span> <span class='ocrx_word' id='word_1_312' title='bbox 483 4711 630 4759; x_wconf 77' lang='lat' dir='ltr'><strong>nicht</strong></span> <span class='ocrx_word' id='word_1_313' title='bbox 655 4718 756 4758; x_wconf 64' lang='lat' dir='ltr'><strong>ers!</strong></span> <span class='ocrx_word' id='word_1_314' title='bbox 785 4711 880 4759; x_wconf 64' lang='lat' dir='ltr'><strong>neit</strong></span> <span class='ocrx_word' id='word_1_315' title='bbox 905 4711 1024 4759; x_wconf 79' lang='lat' dir='ltr'><strong>dem</strong></span> <span class='ocrx_word' id='word_1_316' title='bbox 1057 4712 1078 4759; x_wconf 74' lang='grc' dir='ltr'><strong><em>ἕ</em></strong></span> <span class='ocrx_word' id='word_1_317' title='bbox 1109 4710 1152 4757; x_wconf 90' lang='lat' dir='ltr'><em>J</em></span> <span class='ocrx_word' id='word_1_318' title='bbox 1158 4710 1251 4767; x_wconf 78' lang='lat' dir='ltr'><strong>uli,</strong></span> <span class='ocrx_word' id='word_1_319' title='bbox 1281 4712 1508 4757; x_wconf 65' lang='lat' dir='ltr'><strong>noralem</strong></span> <span class='ocrx_word' id='word_1_320' title='bbox 1535 4712 1633 4757; x_wconf 65' lang='lat' dir='ltr'><strong>dan</strong></span> <span class='ocrx_word' id='word_1_321' title='bbox 1672 4726 1834 4771; x_wconf 61' lang='lat' dir='ltr'><strong>qam?</strong></span> <span class='ocrx_word' id='word_1_322' title='bbox 1875 4709 2017 4757; x_wconf 75' lang='lat' dir='ltr'><strong>Jahr</strong></span> <span class='ocrx_word' id='word_1_323' title='bbox 2058 4710 2281 4757; x_wconf 74' lang='lat' dir='ltr'><strong>Pedes-td</strong></span> <span class='ocrx_word' id='word_1_324' title='bbox 2324 4724 2425 4756; x_wconf 74' lang='lat' dir='ltr'><strong>von</strong></span> <span class='ocrx_word' id='word_1_325' title='bbox 2463 4709 2579 4757; x_wconf 76' lang='lat' dir='ltr'><strong>San</strong></span> <span class='ocrx_word' id='word_1_326' title='bbox 2604 4708 2774 4757; x_wconf 74' lang='lat' dir='ltr'><strong>Gimi-</strong></span> 
     </span>
    </p>
   </div>
   <div class='ocr_carea' id='block_1_12' title="bbox 307 4816 507 4864">
    <p class='ocr_par' dir='ltr' id='par_1_14' title="bbox 307 4816 507 4864">
     <span class='ocr_line' id='line_1_40' title="bbox 307 4816 507 4864; baseline -0.005 -15"><span class='ocrx_word' id='word_1_327' title='bbox 307 4816 507 4864; x_wconf 70' lang='lat' dir='ltr'><strong>ymmo.</strong></span> 
     </span>
    </p>
   </div>
  </div>
 </body>
</html>
