3817 5642
1045 549 1150 599 120
1685 546 2129 600 REGESTUM
2168 546 2853 601 voLATERRANUM

1038 747 1212 803 sunt.
1256 740 1450 820 quod,
1495 760 1640 801 cum
1683 740 1764 801 de
1805 742 2140 819 questione
2194 742 2363 801 inter
2416 743 2585 819 ipsos
2640 746 2709 801 et
2758 760 2861 821 ep.
2916 743 2985 801 in
3038 742 3247 803 dictos
3298 741 3499 805 fuerit

1041 840 1588 917 compromissum,
1653 838 1738 899 ad
1792 838 2129 899 arbitrium
2194 858 2325 898 non
2388 838 2757 918 procedant.
2826 838 3097 899 Mandat
3172 845 3497 918 quatenus

1035 954 1272 1015 equum
1306 936 1641 997 arbitrium
1664 935 2015 1015 proferant.
2098 955 2127 991 <‹
2149 934 2381 995 Dilecti
2411 936 2519 997 filii
2542 956 2589 995 ο.
2675 936 2827 997 Dat.
2862 936 3067 996 Rome
3094 960 3109 997 ι
3136 936 3271 1015 pud
3296 956 3345 997 s.
3378 936 3495 997 Pe·

1037 1040 1210 1094 trum
1255 1032 1321 1093 ΙΙ
1365 1034 1492 1092 kal.
1535 1034 1698 1105 deca,
1743 1040 1923 1110 pont.
1968 1032 2021 1093 Ι.

1353 1130 1614 1189 Florem
1643 1128 1794 1189 Ast.
1829 1130 2016 1205 (Vols.
2050 1150 2110 1189 n.
2144 1130 2289 1205 153)
2320 1129 2493 1207 oriq.
2528 1130 2743 1205 (Bulla
2768 1151 2855 1191 an
2882 1130 3385 1205 Seidensclmur).

1039 1324 1176 1383 340.
2578 1326 2823 1397 Arezzo,
2855 1326 2937 1385 10
2962 1325 3283 1385 Dezember
3310 1325 3503 1385 1216„

1158 1422 1554 1483 Testimonic
1573 1422 1744 1483 Petri
1765 1422 2007 1483 iudicis.
2027 1425 2332 1501 prepositi
2349 1422 2571 1485 Sancti
2586 1424 2947 1484 Geminiani
2970 1423 3051 1483 de
3065 1423 3263 1495 Vult„
3282 1424 3493 1501 presb.

1039 1520 1318 1581 Rainerii
1364 1520 1624 1580 Aretine
1669 1520 1867 1599 plebis
1909 1540 2073 1593 can„
2120 1521 2417 1599 Symonis
2464 1528 2601 1583 not.
2692 1520 3041 1583 Gratianus
3097 1527 3497 1599 protestatus

1037 1624 1136 1677 est
1179 1638 1394 1680 coram
1436 1638 1535 1697 ep.
1581 1624 1648 1678 et
1691 1620 2017 1697 preposito
2046 1618 2221 1681 Aret.
2260 1618 2426 1681 nolle
2454 1622 2775 1679 comuni
2819 1620 3034 1681 Vult.
3072 1618 3501 1698 preiudicium

1037 1717 1320 1793 generari
1363 1735 1442 1774 ex
1484 1736 1580 1786 eo,
1627 1716 1798 1795 quod
1841 1734 2055 1775 eoram
2099 1720 2187 1777 eis
2238 1718 2531 1777 consistit
2586 1716 2908 1778 audiendo
2955 1722 3153 1777 testes
3196 1716 3496 1777 inductos

1037 1832 1116 1871 ex
1173 1818 1355 1891 parte
1410 1832 1531 1890 ep.‚
1590 1832 1814 1890 neque,
1863 1814 1911 1871 si
1958 1832 2171 1873 coram
2230 1834 2296 1873 se
2344 1812 2727 1874 sententiam
2786 1814 3051 1885 seratum
3108 1814 3327 1873 nolens
3380 1834 3502 1893 per

1038 1928 1218 1970 suam
1247 1912 1628 1987 presentiam
1662 1910 1919 1970 finitum
1947 1912 2229 1989 episcopi
2252 1918 2317 1970 et
2338 1912 2644 1989 pre-positi
2674 1912 2850 1972 Aret.
2882 1911 3221 1972 arbitrium
3250 1918 3493 1973 restau-

1031 2025 1195 2068 rare.
1279 2008 1424 2067 Act.
1469 2008 1533 2067 in
1579 2007 1821 2087 palatio
1863 2006 2040 2069 Aret.
2085 2028 2183 2086 ep.
2270 2006 2619 2072 MCCXVI.
2668 2006 2955 2069 Honorio
2996 2028 3186 2087 papa,
3232 2008 3496 2069 1111id.

1037 2107 1192 2169 dec..
1241 2106 1370 2167 ind.
1417 2104 1579 2166 1111.
1670 2106 2127 2167 Bonaventura
2170 2114 2305 2167 not.

1360 2204 1616 2265 Florenz
1649 2204 1798 2263 ASt.
1835 2205 2025 2275 (Volt.
2061 2205 2220 2266 1216
2246 2204 2393 2265 XII
2424 2206 2521 2270 11,
2554 2226 2611 2265 n.
2646 2207 2790 2281 155)
2818 2206 2992 2283 Oriq.

1036 2402 1172 2461 341.
2570 2401 2814 2473 Arezzo,
2848 2401 2927 2461 12
2954 2401 3279 2461 Dezember
3306 2402 3491 2462 1216.

1152 2498 1593 2559 Confes=-iones
1637 2500 1802 2557 inter
1845 2498 2302 2559 vicecomitem
2360 2498 2675 2559 sindicum
2732 2498 3043 2577 Pagani
3098 2518 3200 2575 ep.
3262 2498 3491 2574 (Vult.)

1032 2606 1098 2656 et
1141 2596 1522 2659 Gratianum
1554 2596 1866 2656 sindicum
1897 2598 2186 2655 comunis
2214 2616 2429 2658 coram
2462 2598 2791 2673 M(artino)
2821 2615 2921 2675 ep.
2952 2603 3020 2656 et
3040 2598 3489 2673 morte-sonno)

1033 2696 1359 2773 preposito
1401 2694 1573 2754 Aret.
1622 2693 1878 2755 arbitris
1921 2714 2109 2770 super
2152 2694 2291 2754 hoc.
2377 2694 2725 2756 Gratianus
2764 2694 2970 2755 credit
3016 2694 3367 2772 Ugolinum
3408 2693 3495 2755 de

1032 2790 1226 2851 Petra
1268 2796 1332 2849 et
1375 2798 1626 2869 patrem
1669 2795 1736 2849 ct
1777 2792 2081 2869 antiquos
2122 2792 2256 2851 eius
2298 2790 2597 2851 habuisse
2638 2792 2918 2863 Petram,
2962 2790 3045 2851 de
3088 2809 3217 2869 qua
3244 2788 3333 2851 lix
3368 2796 3493 2863 est,

1031 2908 1144 2967 per
1183 2890 1230 2949 C
1275 2908 1475 2948 annos
1517 2896 1580 2947 et
1627 2889 1787 2963 plus.
1834 2888 2232 2949 vicecomes:
2280 2896 2625 2949 tenuerunt
2668 2896 2929 2949 tantum
2972 2906 3085 2965 per
3139 2886 3203 2947 X
3260 2906 3489 2949 annos.

1030 2988 1412 3047 Gratianus:
1463 2987 1774 3065 Ugolinus
1802 2988 2135 3067 supposuit
2170 2988 2429 3049 Petram
2462 2987 2708 3048 Uberto
2735 2987 2977 3047 Parisei
3006 2990 3049 3063 ¹)
3080 3006 3197 3067 pro
3228 2988 3491 3048 comuni

1028 3084 1204 3146 Vult.
1215 3105 1229 3155 ;
1274 3084 1428 3143 item
1471 3083 1949 3157 Gualandellus,
1996 3083 2460 3159 Ildibandinus‚
2504 3086 2812 3145 Tineosus
2854 3085 3095 3145 domini
3130 3083 3211 3143 de
3240 3084 3489 3145 Monte·

1029 3182 1280 3259 tignoso
1321 3188 1388 3242 et
1429 3187 1859 3241 antecessores
1905 3179 2269 3243 habuerunt
2311 3183 2849 3263 Villammagnam
2878 3201 2992 3260 per
3030 3182 3079 3245 C
3122 3202 3345 3243 annos.
3376 3181 3487 3243 Vi-

1026 3300 1310 3340 eecomes
1351 3280 1430 3339 de
1473 3280 1865 3357 proprietate
1907 3299 2039 3341 non
2066 3282 2417 3359 respondit.
2450 3284 2532 3342 de
2562 3281 2995 3341 iurisdictione
3021 3278 3221 3341 credit
3249 3278 3331 3339 de
3360 3278 3489 3340 XV

1027 3379 1229 3439 annis.
1315 3378 1695 3438 Gratianus:
1755 3378 2088 3457 UgolinuS,
2149 3378 2651 3451 BonusacursuS,
2698 3384 3127 3441 antecessores
3178 3379 3277 3439 usi
3330 3384 3489 3439 sunt

1025 3476 1459 3537 iurisdictione
1503 3476 1568 3535 in
1613 3474 1806 3536 Petra
1845 3495 1960 3553 per
1987 3476 2035 3537 C
2064 3496 2267 3537 annos
2302 3482 2366 3535 et
2400 3477 2557 3555 plus.
2601 3477 2970 3539 Vicecomes
2998 3474 3203 3536 credit
3228 3473 3311 3536 de
3350 3474 3489 3535 XX

1026 3574 1230 3634 annis.
1315 3572 1690 3633 Gratianus:
1721 3572 2389 3645 CavalcalambarduS,
2422 3574 2824 3647 Lambertus,
2855 3573 3109 3633 Gentile
3136 3590 3485 3651 supposue-

1023 3677 1176 3730 runt
1237 3670 1838 3748 Villlammangnam
1893 3672 2150 3730 comuni
2208 3668 2382 3731 Vult.
2443 3672 2809 3733 Vicecomes
2862 3688 2991 3731 non
3046 3668 3268 3731 credit.
3325 3669 3487 3731 Gra·

1025 3768 1270 3827 tianus:
1317 3767 1626 3845 Ugolinus
1669 3767 2095 3831 Gualandelli.
2140 3768 2463 3829 Arnuldus
2492 3776 2561 3829 et
2586 3770 2841 3848 antiqui
2868 3786 3089 3829 eorum
3117 3765 3485 3828 habuerunt

1027 3865 1401 3937 Burianum,
1446 3864 1526 3925 de
1567 3866 1747 3925 cuius
1789 3865 2225 3925 iurisdictione
2262 3864 2349 3925 lix
2380 3874 2495 3939 est,
2526 3886 2641 3945 per
2667 3868 2716 3928 C
2759 3884 2964 3929 annos
3004 3870 3071 3925 et
3110 3864 3273 3942 plus.
3305 3864 3485 3925 Vice-

1024 3981 1236 4023 comes
1277 3962 1481 4023 credit
1520 3961 1601 4022 de
1631 3962 1762 4021 XX
1791 3962 1872 4021 de
1899 3964 2311 4040 proprietate,
2342 3964 2423 4025 de
2453 3964 2885 4025 iurisdictione
2913 3980 3043 4023 non
3070 3960 3294 4021 credit.
3324 3961 3483 4023 Gra·

1025 4061 1274 4121 tianus:
1319 4059 1521 4120 abbas
1564 4059 1643 4119 de
1684 4058 2097 4119 Monteviridi
2138 4060 2291 4121 fecit
2334 4062 2467 4121 fieri
2510 4067 2793 4121 castrum
2836 4060 2917 4119 de
2958 4061 3253 4121 Canneto
3274 4065 3343 4119 et
3370 4058 3481 4119 ha-

1025 4156 1166 4216 buit
1211 4157 1714 4219 iurisdictionem
1756 4176 1868 4234 per
1909 4158 1957 4217 C
2002 4175 2203 4217 annos
2247 4164 2313 4217 et
2364 4157 2525 4235 plus,
2583 4158 2953 4220 Vicecomes
3006 4155 3213 4217 credit
3264 4156 3345 4217 de
3390 4154 3480 4215 X.

1023 4254 1402 4316 Gratianus:
1447 4254 1716 4315 abbatia
1741 4254 1973 4314 habuit
2006 4274 2120 4333 per
2146 4275 2211 4315 se
2245 4256 2342 4315 vel
2371 4275 2485 4333 per
2511 4256 2709 4317 alium
2738 4262 2950 4315 totam
2977 4254 3489 4316 iurisdictionem

1021 4352 1103 4413 de
1143 4353 1419 4413 Miciano
1460 4360 1523 4413 et
1569 4353 1734 4414 med.
1780 4355 1845 4412 in
1887 4352 2161 4414 Libiano
2202 4373 2313 4431 per
2341 4354 2389 4415 C
2432 4372 2655 4415 annos.
2700 4354 3068 4415 vicecomes
3096 4371 3227 4413 non
3254 4352 3477 4413 credit.

1021 4450 1402 4511 Gratianus:
1447 4450 1606 4511 Otto
1645 4450 1786 4529 (IV)
1818 4459 1974 4510 tunc
2008 4452 2158 4529 imp.
2190 4451 2341 4511 feeit·
2373 4452 2776 4530 privilegium
2800 4456 2845 4529 ⁸)
2878 4450 3127 4510 Pisanis
3155 4448 3236 4509 de
3265 4450 3473 4519 Petra,

1165 4668 1206 4730 ¹)
1247 4667 1474 4717 Padum
1517 4670 1669 4725 1197,
1707 4667 1850 4716 siche
1887 4669 2019 4717 oben
2058 4684 2108 4716 n.
2152 4670 2255 4719 240
2294 4666 2350 4729 ff.
2393 4670 2510 4718 238.
2661 4669 2703 4730 ’-“)
2743 4667 2903 4717 B.-F.
2946 4668 3032 4717 30:
3076 4680 3199 4715 vom
3226 4668 3295 4715 25
3320 4664 3471 4713 Okto-

1019 4756 1106 4805 ζον
1146 4758 1298 4815 1209,
1328 4771 1406 4805 wo
1442 4758 1565 4806 aber
1603 4772 1707 4806 nur
1745 4772 1847 4805 von
1871 4758 1962 4806 der
1996 4756 2320 4816 Verleihunq
2344 4772 2448 4805 von
2476 4756 2661 4806 Pietra
2690 4755 3017 4819 (minima),
3050 4755 3233 4813 Saena,
3266 4754 3485 4802 Mome—
