3817 5642
953 566 1398 623 REGESTUM
1435 569 1541 622 VO
1549 568 2119 624 LATERRANUM
2728 573 2763 624 9

301 771 478 826 terra
517 764 703 844 regi3·
727 765 884 828 item
925 766 1174 825 cassina
1215 765 1282 824 in
1326 763 1646 825 Cusscano
1687 771 1880 826 antea
1922 785 1975 825 r.
2018 784 2132 843 per
2180 764 2533 842 Teutperto
2574 785 2763 826 mess.

301 869 374 922 et
411 868 652 923 sortem
691 860 786 921 ibi
823 880 888 939 q.
933 860 1126 921 modo
1165 860 1418 921 detinet
1459 859 1778 922 Iohannes
1819 879 2031 932 mass„
2078 863 2294 922 omnio.
2330 860 2415 922 ad
2441 862 2765 940 pertigbas

305 957 516 1020 (XXIV
515 957 658 1018 1111
697 963 766 1017 et
809 975 1106 1018 mensura
1142 956 1498 1018 modiolum
1543 955 1794 1018 XVIII.
1839 955 2364 1018 Comutacionem
2406 958 2655 1020 accedit
2682 958 2765 1018 ad

303 1055 774 1134 previdendum
810 1054 894 1115 de
935 1074 1084 1133 pars
1125 1073 1344 1132 regum
1387 1073 1496 1116 seo
1535 1054 1839 1116 Ubbaldo
1879 1055 1926 1115 f.
1958 1055 2020 1116 b.
2046 1075 2130 1116 m.
2163 1055 2339 1116 Petri
2364 1062 2433 1116 et
2462 1057 2623 1116 Boni
2654 1057 2767 1134 qui

307 1153 571 1216 Bonitio
611 1173 754 1214 voc.
796 1152 842 1213 f.
885 1153 949 1214 b.
1001 1171 1088 1213 m.
1147 1151 1448 1230 Oriperti.
1505 1153 1879 1214 Uuillerado
1934 1153 2127 1214 iudex
2183 1173 2427 1232 regum,
2482 1153 2564 1214 de
2617 1173 2765 1232 pars

287 1273 406 1330 ep.
450 1250 738 1330 Agifredi
775 1257 913 1310 not.
1012 1250 1246 1311 Actum
1303 1250 1498 1312 domo
1551 1252 1949 1330 episcopatui
2006 1259 2227 1312 nostro
2284 1251 2763 1312 VoloterrensiS.

307 1351 478 1412 Boso
519 1369 620 1428 ep.
663 1369 744 1410 ss.
789 1349 852 1412 S.
899 1368 983 1409 m.
1035 1347 1401 1409 Rainbaldi.
1432 1349 1806 1411 Uuillerado
1835 1350 2032 1411 iudex
2062 1370 2303 1428 regum.
2339 1349 2599 1410 Arifridi
2626 1357 2762 1410 not.

307 1468 532 1528 regum
573 1450 804 1508 missus
848 1447 1084 1508 Bosoni
1132 1465 1233 1524 ep.
1285 1465 1367 1506 ss.
1413 1445 1476 1508 S.
1521 1467 1605 1507 m.
1651 1447 1933 1508 Ubbaldi
1979 1453 2043 1506 et
2089 1446 2253 1508 Boni
2296 1449 2763 1509 estimatorum.

303 1547 504 1607 Leoni
543 1545 592 1606 f.
623 1545 687 1606 b.
721 1565 806 1604 m.
837 1543 1214 1606 Gadalberti
1243 1551 1324 1604 tt.
1357 1543 1672 1604 Cuneradi
1700 1543 1745 1605 f.
1776 1545 2047 1622 predicti
2076 1545 2363 1606 Ubbaldi
2386 1551 2467 1606 tt.
2494 1545 2767 1606 Evrardi

305 1643 668 1704 vicedomni
713 1649 795 1702 tt..
841 1641 1075 1702 Gundo
1113 1641 1280 1702 diac.
1324 1648 1392 1701 et
1433 1661 1572 1701 can.
1617 1661 1698 1701 ss,
1785 1641 2160 1703 Uuinihildo
2202 1649 2338 1703 not.

637 1741 794 1803 Volt.
839 1739 1058 1817 AGap.
1103 1761 1167 1800 n.
1211 1740 1252 1801 9
1285 1740 1455 1818 Oriq.

298 1877 405 1936 ⁴28.
2061 1873 2356 1946 Voltma,
2400 1875 2584 1936 Mdrz
2624 1875 2763 1937 948.

385 1973 683 2034 Lottario
725 1991 833 2032 rex
876 1990 934 2031 a.
979 1971 1524 2049 septimodecimo,
1571 1973 1822 2044 martio,
1859 1971 1993 2032 ind.
2023 1979 2227 2033 sexta.
2314 1973 2522 2032 Boso
2551 1972 2765 2033 Volci.

303 2089 404 2149 ep.
449 2069 560 2130 lib.
581 2063 776 2129 hom.
819 2068 1004 2128 firmo
1047 2067 1279 2129 Veneri
1319 2067 1364 2128 f.
1396 2068 1504 2147 qd.
1535 2068 1852 2130 Bonifridi
1893 2072 2143 2148 integra
2180 2075 2355 2129 sorte
2382 2071 2449 2129 in
2478 2068 2761 2140 Filolive,

303 2169 435 2228 iam
477 2186 528 2226 r.
573 2184 688 2244 per
715 2165 1000 2225 Homulo
1027 2171 1098 2226 et,
1124 2165 1464 2244 Leupardo
1491 2184 1616 2244 gg„
1649 2167 2015 2243 pertinent-e
2042 2164 2123 2226 de
2149 2173 2331 2228 curte
2358 2165 2619 2226 Maiano
2644 2167 2766 2226 sub

303 2267 440 2325 iure
483 2283 606 2342 ep„
651 2271 726 2323 ut,
770 2282 920 2324 casa
961 2269 1078 2324 aut
1119 2281 1412 2340 capanna
1450 2262 1662 2324 facere
1719 2271 1784 2324 et
1841 2283 2018 2342 pene.
2063 2283 2345 2324 annuam
2400 2266 2467 2325 in
2523 2264 2667 2324 fest.
2714 2285 2765 2324 s.

303 2362 569 2422 Martini
597 2361 644 2437 1)
685 2360 929 2420 solvere
954 2359 1194 2420 debeas
1221 2379 1352 2438 arg.
1381 2359 1528 2420 den.
1557 2361 1774 2420 decem
1807 2361 1870 2421 b.
1901 2381 2046 2438 exp.
2076 2363 2283 2440 qualis
2310 2381 2423 2440 per
2452 2367 2651 2440 temp.
2682 2381 2762 2432 o.;

302 2481 450 2539 pen.
487 2439 630 2538 ⁸arg.
675 2458 788 2519 sol.
831 2459 1186 2536 sexaginta.
1285 2457 1427 2518 Act.
1473 2459 1686 2520 Volot.
1785 2458 1957 2520 Boso
1998 2479 2096 2536 ep.
2142 2479 2223 2520 ss.
2269 2458 2331 2519 S.
2378 2479 2463 2520 m.
2514 2459 2764 2521 Veneri.

304 2557 619 2618 Everardi
658 2557 1042 2617 vicedomni.
1087 2556 1387 2616 Balduini
1427 2555 1474 2617 f.
1505 2557 1568 2616 b.
1601 2576 1684 2616 m.
1719 2557 1991 2618 Ati-aldi.
2024 2557 2301 2617 Eriberti
2330 2557 2377 2618 f.
2402 2557 2463 2618 b.
2490 2577 2574 2616 m.
2605 2557 2765 2617 Teu-

302 2655 502 2716 delasi
545 2661 628 2715 tt.
671 2653 953 2733 sigifridi
991 2660 1124 2714 not.
1172 2675 1254 2714 se.
1340 2654 1624 2715 Berardo
1665 2661 1800 2715 not.

638 2751 798 2814 Vols.
841 2751 1156 2812 AMum’c.
1189 2751 1445 2827 (Radia)
1488 2753 1658 2828 Oriq.

291 2887 402 2948 29.
1880 2887 2178 2959 Volterra,
2224 2888 2262 2947 4
2304 2887 2583 2948 februar
2621 2888 2761 2950 949.

426 2984 737 3045 Lot-bario
795 3003 908 3044 rex
971 3003 1028 3044 a.
1095 2982 1348 3056 XVIII,
1412 2983 1577 3061 prid.
1641 3004 1790 3044 non.
1853 2983 2037 3054 febr„
2102 2983 2233 3045 ind.
2292 2984 2443 3046 VII.
2555 2984 2765 3044 Boso

305 3083 362 3142 V
367 3081 522 3144 olot.
565 3099 665 3159 ep.
709 3099 1020 3141 consensu
1061 3083 1512 3141 canonicorum
1557 3080 1784 3141 ordino
1812 3080 2222 3157 Ioh(annem)
2264 3081 2474 3158 presb.
2505 3081 2550 3140 f.
2584 3080 2645 3140 b.
2678 3101 2761 3142 m.

305 3179 616 3238 Iohannis
655 3183 723 3238 et
753 3177 980 3238 Petrus
1007 3177 1172 3236 diac.
1201 3175 1252 3236 fe
1281 3175 1631 3236 Rantilde
1615 3197 1680 3236 m
1722 3177 1872 3237 eccl.
1905 3197 1955 3236 s.
1988 3175 2295 3237 Iohannis
2325 3177 2595 3237 batister
2620 3181 2667 3252 ²)
2696 3183 2762 3235 et

301 3295 354 3336 s.
399 3273 663 3337 Mihaeli
701 3277 828 3335 sito
871 3275 1122 3335 Mizano
1163 3294 1310 3335 cum
1351 3273 1559 3335 oferto
1595 3281 1662 3334 et
1693 3281 2093 3336 mortuorum
2122 3281 2189 3336 et-
2220 3281 2348 3334 tres
2376 3276 2548 3352 petie
2577 3280 2643 3334 et
2671 3291 2763 3333 re·

301 3373 449 3433 ditu
491 3379 558 3432 et
601 3372 1057 3433 decimationes
1098 3391 1162 3450 q.
1205 3377 1432 3432 escunt
1485 3371 1566 3432 de
1609 3372 1761 3432 villa
1803 3373 2059 3432 Mizano
2096 3379 2161 3432 et
2220 3378 2444 3433 munte
2486 3373 2655 3442 Ursi,
2698 3379 2761 3432 et

305 3471 602 3531 habeatis
641 3470 955 3542 eclesiam,
1001 3471 1166 3534 sicut
1208 3475 1404 3529 antea
1446 3470 1688 3530 Bonizo
1727 3469 1963 3548 presb..
2008 3472 2355 3541 incensum,
2402 3470 2761 3541 luminaria,

287 3567 672 3638 -salmorum,
705 3566 1064 3646 vigilancia,
1095 3567 1184 3626 ini
1207 3569 1254 3642 ⁸)
1283 3566 1466 3627 fonte
1496 3566 1854 3627 batismalis
1882 3566 2195 3638 ordinati3
2226 3567 2495 3626 solvatis
2522 3585 2761 3626 annua-

305 3668 425 3726 tim
465 3666 537 3725 in
577 3663 724 3724 fest.
769 3684 818 3724 s.
863 3663 1062 3724 Marie
1102 3666 1170 3724 in
1211 3670 1442 3742 agusto
1481 3683 1658 3743 pens.
1703 3683 1837 3744 arg.
1881 3663 2011 3724 den
2052 3663 2192 3725 XII
2231 3671 2299 3724 et
2340 3664 2485 3731 den.
2519 3663 2656 3726 XII
2699 3666 2763 3724 in

289 3766 436 3823 -cira
460 3767 508 3840 ⁴)
555 3763 618 3823 b.
650 3781 794 3840 exp.
825 3762 1032 3840 qualis
1061 3781 1175 3840 per
1195 3767 1392 3840 temp.
1419 3783 1498 3833 o.;
1523 3781 1668 3840 pen.
1693 3781 1826 3841 arg.
1851 3761 1965 3823 sol.
1990 3761 2061 3821 L.
2148 3763 2383 3823 Actum
2413 3762 2606 3822 domo
2636 3764 2763 3840 epi·

291 3863 524 3940 scopin
545 3866 768 3921 nostro
789 3859 1272 3920 voloterrensis.
1358 3861 1526 3920 Boeo
1567 3879 1668 3938 ep.
1714 3858 2033 3920 Iohannes
2074 3859 2283 3937 presb.
2330 3860 2558 3921 Petrus
2599 3860 2761 3920 diac.

309 3958 700 4020 Benedictus
723 3957 931 4036 presb.
954 3965 1022 4017 et
1044 3976 1184 4018 can.
1209 3957 1528 4018 Arnoldus
1549 3977 1689 4018 can.
1713 3965 1780 4017 et
1801 3958 2023 4018 levita.
2049 3957 2278 4017 Petrus
2300 3958 2509 4034 presb.
2535 3965 2599 4016 et
2620 3977 2763 4017 can.

305 4075 388 4116 ss.
431 4055 496 4116 S.
541 4075 628 4115 m.
674 4054 986 4116 Everardi
1024 4055 1412 4116 vicidomino
1441 4062 1521 4116 tt.
1553 4055 1827 4116 Iohanni
1855 4055 1900 4114 f.
1934 4055 1995 4114 b.
2022 4074 2107 4116 m.
2138 4055 2305 4115 Poti.
2353 4056 2594 4116 Bonitii
2622 4055 2667 4115 f.
2701 4054 2763 4116 b.

307 4173 394 4214 m.
437 4151 641 4214 Leoni
679 4159 764 4212 tt.
847 4153 1168 4214 Iohannes
1209 4159 1346 4214 not.

640 4249 796 4312 Volt.
841 4249 1062 4328 ACap.
1105 4269 1168 4310 n.
1213 4250 1296 4310 10
1339 4250 1507 4328 Oriq.

309 4393 404 4453 30.
1902 4391 2196 4464 Voltcrra,
2240 4393 2585 4470 September
2626 4393 2764 4454 949.

427 4489 774 4551 Lotharius
815 4509 926 4550 rex
967 4509 1028 4550 a.
1071 4489 1511 4561 nonodecimO,
1571 4491 1955 4569 september,
2012 4489 2143 4550 ind.
2200 4497 2455 4551 octava.
2556 4492 2764 4550 Boso

303 4585 519 4647 volnt.
552 4604 653 4666 ep.
685 4585 796 4647 lib.
827 4587 1052 4647 ordine
1080 4585 1264 4647 firmo
1295 4588 1549 4648 Andrea
1577 4588 1622 4648 f.
1653 4588 1761 4666 qd.
1791 4586 1998 4648 Teudi
2020 4589 2085 4648 in
2110 4587 2389 4647 casalino
2414 4594 2481 4647 et
2504 4605 2603 4647 res
2625 4606 2763 4665 per·

452 4778 490 4840 ¹)
529 4779 595 4827 11
635 4774 938 4826 November.
1087 4777 1130 4836 ²)
1167 4776 1256 4826 So.
1403 4775 1448 4832 ⁸)
1491 4793 1552 4822 .--
1593 4777 1650 4824 in
1675 4777 1832 4826 fonte
1853 4775 2193 4842 baptismali.
2344 4777 2385 4836 ⁴)
2424 4793 2495 4822 =
2533 4791 2674 4826 cera.
