3817 5642
1015 542 1090 595 62
1659 542 2103 595 REGESTUM
2141 540 2825 597 VOLATERRANUM

1023 738 1156 799 178.
2448 736 2804 810 Puliciavw,
2852 738 2888 798 7
2928 736 3249 797 Dezember
3290 737 3473 799 1154.

1140 833 1653 913 Gregorius¹)
1699 836 1840 895 iuro
1882 855 1984 895 me
2026 834 2403 895 adiuturum
2461 832 2915 913 Galganum
2958 854 3059 912 ep.
3103 834 3282 895 Vult.
3324 854 3475 895 cum

1017 930 1319 993 omnibus
1345 932 1646 994 domibus
1678 940 1744 993 et
1783 932 2091 1003 turribus,
2122 950 2285 1011 quas
2312 931 2521 993 habeo
2546 932 2713 993 infra
2742 932 3075 993 castellum
3104 933 3327 995 Sancti
3354 931 3477 993 Ge·

1021 1030 1308 1101 miniani,
1350 1029 1430 1090 de
1472 1031 1650 1091 omni
1689 1050 1921 1109 guerra
1960 1049 2107 1091 eum
2150 1030 2295 1091 filiis
2337 1030 2444 1109 qd.
2494 1030 2856 1111 Rugerotti.
2954 1031 3103 1092 Act.
3148 1029 3477 1092 Puliciano

1019 1126 1190 1189 infra
1227 1126 1374 1187 eccl.
1417 1146 1468 1187 s.
1513 1128 1792 1190 Iohanni
1831 1126 2245 1207 evangeliste.
2344 1127 2595 1201 MCLV,
2652 1130 2929 1205 septimo
2968 1128 3055 1188 id.
3099 1127 3473 1191 decembris.

1019 1223 1152 1283 ind.
1199 1226 1412 1285 tertia.
1499 1223 1694 1304 Hugo
1737 1225 1911 1286 Vult.
1952 1224 2339 1302 archipresb.
2370 1225 2715 1287 Lotharius
2744 1225 2850 1303 qd.
2883 1226 3259 1287 Hermanni.
3289 1226 3477 1286 Asse·

1020 1320 1183 1383 duto
1223 1322 1332 1401 qd.
1377 1321 1733 1383 Tebertelli.
1777 1323 2235 1401 Cacciaguerra
2286 1324 2395 1401 qd.
2438 1322 2810 1401 Signoretti.
2849 1322 3308 1385 Franciesckus
3350 1324 3473 1383 Lu-

1019 1420 1244 1481 censis.
1287 1418 1642 1499 Uguicione
1683 1420 1764 1481 de
1806 1421 1866 1481 la.
1909 1420 2181 1483 Sokotta
2222 1428 2303 1481 tt.
2417 1420 2776 1481 Balduinus
2816 1440 2868 1480 e.
2912 1421 3056 1481 Lat.
3098 1420 3223 1499 pal.
3280 1420 3475 1482 iudex

1019 1524 1088 1579 et
1129 1524 1266 1578 not.
1311 1525 1380 1578 et
1421 1520 1574 1596 imp.
1620 1519 1963 1598 dignitatis
2002 1521 2235 1581 missus
2276 1524 2475 1598 atque
2515 1520 2709 1589 iudex
2752 1518 2886 1579 ord.
2934 1540 2939 1545 “

1354 1615 1506 1676 Volt.
1555 1615 1791 1677 AVecc.
1835 1636 1885 1677 8.
1932 1616 2080 1677 XII
2120 1617 2243 1677 dec.
2290 1618 2331 1677 6
2368 1638 2432 1677 n.
2480 1616 2560 1677 13
2598 1618 2772 1694 Ονίς.

1027 1774 1160 1836 179.
1944 1776 1977 1805 ’
2528 1777 2877 1849 Ferentium
2922 1777 2960 1838 4
3000 1776 3253 1837 Oktober
3293 1776 3475 1836 1155.

1144 1871 1554 1951 Privilegium
1613 1875 2033 1951 protectionis
2089 1875 2436 1935 Adriani
2490 1874 2595 1936 IV
2651 1892 2769 1951 pro
2826 1894 2997 1936 mon.
3050 1894 3097 1933 e.
3150 1874 3478 1934 Michaelis

1023 1969 1086 2028 in
1130 1968 1397 2029 civitate
1439 1970 1673 2031 Pisana
1715 1970 2003 2033 Camald.
2046 1972 2181 2033 ord.

1353 2066 1506 2127 Volt.
1533 2067 1674 2127 AM
1677 2068 1844 2128 unic.
1893 2068 2089 2143 <Bone
2130 2069 2197 2128 di
2223 2088 2337 2129 rec.
2366 2088 2499 2144 acq.
2530 2068 2611 2127 II
2637 2087 2702 2128 n.
2734 2068 2837 2143 60)
2866 2067 3039 2143 Oriy.
3120 2066 3280 2128 Edd.
3320 2068 3476 2127 Mit-

1341 2164 1541 2224 tarelli
1577 2166 1694 2225 III
1727 2166 1898 2243 App.
1932 2167 2053 2227 482
2080 2190 2161 2221 =
2184 2166 2409 2242 Miqne
2436 2164 3138 2242 CLXXXVIIIJ436.
3168 2164 3319 2243 Ray.
3350 2165 3475 2226 JL.

1343 2262 1561 2323 10092.
1615 2264 1961 2341 Verqleiche
2002 2264 2177 2325 Kehr
2215 2264 2353 2324 602.

1030 2420 1162 2479 180.
2728 2422 2883 2497 (Vor
2922 2422 3004 2483 29
3046 2422 3226 2483 Mc’irz
3268 2423 3475 2499 1156).

1142 2514 1553 2579 Baroncellus
1595 2520 1890 2581 Senensis
1931 2527 1999 2580 et
2040 2522 2439 2599 Lanprectus
2468 2521 2888 2582 Vulterranus
2918 2516 3281 2583 laudatores
3312 2522 3482 2581 inter

1023 2612 1481 2692 Galganum
1525 2617 1700 2677 Vult.
1743 2637 1843 2695 ep.
1889 2626 1957 2677 et
2000 2622 2299 2679 comitem
2344 2616 2904 2679 Pannochiam
2936 2622 2979 2693 ⁸)
3022 2620 3279 2679 nomine
3320 2638 3478 2696 quo-

1023 2711 1298 2772 rundam
1339 2713 1670 2774 hominum
1715 2715 1849 2775 sive
1905 2714 2295 2787 colonorum,
2338 2716 2449 2793 qui
2504 2714 2747 2776 fuerint
2798 2714 3345 2775 vicedominorum
3400 2714 3479 2774 de

1028 2808 1242 2868 Massa
1260 2816 1327 2867 et
1355 2816 1507 2870 sunt
1536 2812 1602 2871 in
1631 2810 1946 2884 Gerfa100,
1990 2813 2465 2879 constituimus,
2496 2818 2571 2872 ut
2599 2810 2935 2873 Widoctus
2962 2811 3386 2872 vulterranus
3412 2818 3479 2872 et

1029 2902 1368 2965 Monaldus
1411 2906 1490 2965 de
1531 2906 1744 2967 Fosini
1787 2906 1977 2968 abinc
2020 2908 2105 2968 ad
2147 2914 2449 2969 octavam
2491 2908 2968 2969 resurrectionis
2991 2909 3036 2984 ⁸)
3083 2907 3373 2967 homines
3412 2916 3481 2967 et

1025 3004 1452 3079 possessiones
1494 3007 1560 3065 in
1601 3005 1864 3065 castello
1903 3006 1985 3065 de
2026 3004 2320 3065 Gerfalca
2359 3006 2676 3066 dividant.

1353 3101 1508 3161 Vola.
1539 3102 1776 3162 AVesc.
1811 3102 1980 3180 App.
2024 3122 2073 3163 ε.
2108 3103 2251 3163 XII
2282 3103 2456 3179 Θαίς.
2488 3124 2551 3163 n.
2597 3104 2637 3163 5
2678 3103 2849 3181 Oriq.
2883 3102 3204 3181 (Minute).
3298 3102 3481 3163 Liber

1349 3200 1588 3259 iuriam
1628 3200 1710 3260 13
1749 3202 1846 3261 cit.

1035 3360 1167 3419 181.
2612 3360 2905 3437 Gerjazco,
2949 3361 3031 3421 29
3070 3360 3256 3420 Miirz
3296 3359 3475 3421 1156.

1151 3456 1508 3517 Conventio
1556 3459 1931 3519 concordiae
1987 3461 2155 3519 inter
2199 3479 2301 3537 ep.
2355 3457 2807 3539 Galganum
2865 3464 2933 3518 et
2974 3464 3229 3520 contem
3272 3457 3475 3517 Pano-

1029 3554 1260 3615 chiam.
1309 3555 1426 3633 Ep.
1472 3558 1720 3635 accepit
1753 3557 1928 3618 illam
1957 3564 2207 3635 partem
2237 3558 2317 3619 de
2349 3556 2534 3617 bonis
2564 3557 3107 3619 vicedominorum
3136 3556 3217 3616 de
3245 3556 3477 3627 Massa,

1027 3672 1225 3731 quam
1269 3654 1382 3715 filii
1421 3654 1664 3715 Imelde
1705 3657 1773 3716 in
1812 3655 2126 3716 divisione
2168 3676 2208 3716 a
2248 3655 2393 3715 filiis
2434 3654 2625 3717 Pierli
2652 3656 2720 3715 in
2748 3660 2929 3715 curte
2960 3654 3277 3716 Gerfalchi
3304 3672 3478 3713 acce-

1027 3757 1278 3826 perant,
1324 3770 1490 3830 quae
1544 3754 1744 3813 curtis
1797 3760 1989 3815 tanta.
2042 3752 2337 3831 partibus
2390 3754 2693 3831 pertinet,
2738 3758 2988 3831 quanta
3042 3773 3082 3811 a.
3135 3753 3373 3812 comite
3410 3759 3479 3811 et

1031 3848 1196 3924 VIII
1240 3848 1630 3910 iuratoribus
1670 3857 1780 3926 est¹
1811 3851 2277 3922 demonstrata,
2320 3857 2388 3910 et
2430 3869 2531 3928 ep.
2576 3850 2768 3910 debet
2824 3870 2903 3911 ea
2954 3870 3071 3929 per
3107 3849 3478 3929 Widoctum

1031 3946 1488 4009 vulterranum
1530 3956 1598 4009 et
1638 3947 2051 4011 Cadolectum
2095 3949 2379 4009 dividere
2420 3956 2488 4009 et
2532 3968 2743 4009 comes
2784 3968 2981 4027 quam
3022 3953 3275 4026 partem
3322 3946 3479 4007 velit

1028 4045 1330 4122 accipere.
1375 4045 1496 4123 Ep.
1539 4046 1734 4107 debet
1761 4054 2345 4107 restauraiiientum
2372 4064 2489 4124 pro
2516 4054 2722 4124 parte,
2754 4065 2951 4124 quam
2978 4045 3059 4105 de
3085 4045 3277 4107 dictis
3297 4044 3481 4105 bonis

1029 4143 1280 4219 accepit
1320 4143 1390 4203 in
1431 4138 1846 4219 laudamento
1891 4144 2253 4222 Lamprecti
2309 4150 2378 4203 et
2435 4142 2793 4223 Baroncelli
2832 4143 3145 4215 Senensis,
3189 4144 3342 4205 dare
3395 4143 3482 4203 ad

1031 4240 1296 4301 tertium
1339 4240 1510 4301 diem
1550 4248 1698 4318 post
1729 4241 1866 4301 kal.
1914 4242 2112 4304 madii
2156 4242 2253 4301 vel
2284 4247 2611 4301 octavum.
2641 4241 2705 4301 Si
2736 4239 3103 4302 laudatores
3128 4241 3209 4302 de
3236 4246 3479 4301 restau-

1033 4344 1330 4398 ramcnto
1368 4338 1898 4411 discordaverint,
1931 4339 2257 4399 observari
2286 4338 2498 4410 debet,
2530 4340 2705 4418 quod
2732 4338 3053 4399 Iohannes
3087 4338 3170 4399 de
3197 4338 3481 4398 Lomena

1027 4436 1369 4521 statuerit;
1413 4438 1630 4499 omnia
1669 4444 1864 4515 pacta
1904 4437 2075 4496 inter
2115 4437 2260 4497 eccl.
2307 4436 2483 4497 Vult.
2526 4443 2594 4496 et
2637 4436 3047 4503 Panochiam,
3085 4436 3164 4495 de
3218 4436 3483 4497 castello

1175 4662 1218 4725 ¹)
1254 4662 1408 4713 Sichc
1445 4680 1502 4713 n.
1543 4666 1658 4714 164.
1703 4665 1817 4713 173.
1967 4664 2009 4728 9)
2050 4663 2255 4714 Rainer
2288 4663 2361 4714 ΙΙ
2399 4662 2758 4723 Pannocchia,
2788 4680 2831 4713 s.
2864 4680 2917 4713 n.
2954 4664 3074 4715 164.
3117 4664 3239 4723 165,
3268 4660 3485 4715 Bmdaer

1027 4748 1252 4811 Bischo!
1287 4750 1538 4814 Galqcme.
1685 4752 1728 4815 ξι)
1759 4754 1878 4803 Fiet
1919 4755 2057 4804 1156
2083 4755 2182 4815 aus
2214 4754 2318 4803 den
2356 4756 2422 4805 22
2462 4751 2640 4816 April.
