3817 5642
1064 570 1138 623 40
1711 572 1872 625 ΗΕΘ
1881 572 2085 627 ESTL
2090 572 2150 625 M
2190 572 2811 627 voLATERRANU
2816 573 2875 625 M

1385 766 1458 825 de
1480 766 1866 827 Paeeiuiano
1889 768 1927 827 I
1948 768 2045 829 21.
2074 768 2341 830 Bdltmer
2364 768 2519 829 Acta
2538 768 2757 829 selecta
2785 768 2868 830 38
2886 790 2951 827 n.
2976 769 3072 829 40.
3108 768 3183 827 M
3186 776 3523 829 assumento

1386 864 1754 925 Germaniae
1773 864 2141 942 Diplomata
2164 866 2305 937 ΙΙΙ,
2330 866 2510 943 Dipl.
2538 866 2799 927 Hem-ici
2821 866 2902 927 II
2920 867 3043 927 337
3070 888 3135 927 n.
3158 866 3298 927 285.
3322 866 3519 943 Reqq.

1383 960 1568 1021 Lami
1600 961 1878 1023 Deliciae
1905 962 2074 1023 erud.
2106 962 2227 1024 111
2260 965 2353 1024 78.
2384 964 2641 1041 Stumpl
2669 964 2847 1025 1605.

1069 1158 1200 1217 108.
2041 1158 2331 1236 Faqiano
2374 1158 2469 1220 bei
2510 1158 2687 1222 Pina
2734 1158 2916 1226 (nach
2956 1159 3039 1219 25
3080 1157 3289 1223 Mar-z)
3336 1160 3515 1219 1014.

1185 1254 1590 1335 Privilegium
1636 1258 2011 1318 Heinrioi
2054 1254 2137 1315 II
2180 1259 2335 1335 imp.
2378 1276 2497 1335 pro
2536 1254 2833 1317 LXXIII
2876 1260 3201 1317 canonicis
3240 1256 3417 1317 Vult..

1387 1354 1546 1417 Volt.
1591 1355 1830 1416 AVeec.
1875 1374 1929 1415 ε
1974 1354 2081 1413 XI
2120 1354 2246 1415 dee.
2290 1356 2332 1416 2
2372 1375 2437 1415 π.
2480 1354 2521 1415 3
2560 1354 2735 1431 Oriq.
2820 1354 2981 1417 Edd.
3014 1356 3362 1416 Ammiraio
3402 1354 3515 1415 Ve-

1381 1452 1544 1513 seovi
1581 1452 1652 1513 di
1680 1453 1925 1513 Fiecole
1954 1460 2055 1513 etc.
2087 1451 2169 1512 80
2196 1458 2416 1529 (extu).
2450 1452 2529 1511 M
2532 1454 2768 1513 aratori
2798 1452 3223 1531 Antiquitates
3273 1452 3323 1513 V
3366 1452 3487 1513 237
3498 1500 3513 1511 .

1379 1548 1678 1611 Leoncini
1711 1549 1850 1610 396.
1883 1549 2297 1610 Monumenta
2326 1550 2695 1611 Germaniae
2736 1550 3097 1626 Diplomata
3144 1550 3280 1621 ΙΙΙ,
3324 1550 3513 1627 Dipl.

1379 1646 1640 1707 Henrici
1685 1647 1762 1706 ΙΙ
1803 1646 1925 1707 3-57
1966 1667 2029 1707 π.
2074 1646 2213 1709 292.
2248 1646 2439 1724 Reyy.
2476 1646 2744 1708 Bchmer
2772 1648 2953 1709 1112.
2983 1646 3239 1726 δίκην]
3266 1648 3446 1708 1608.

1063 1840 1194 1899 109.
2522 1842 2971 1920 Mam-tynam,
3016 1841 3096 1902 13
3134 1842 3283 1903 Juli
3324 1842 3509 1904 1015.

1175 1936 1496 2017 Henrigus
1537 1940 1690 2016 imp.
1735 1958 1796 1999 a.
1841 1938 1915 1999 1¹
1929 1945 1969 2016 ),
2016 1940 2121 1999 III
2164 1939 2251 2000 id.
2297 1939 2429 2012 iul„
2474 1940 2605 2001 ind.
2651 1938 2844 1999 XIII.
2932 1938 3512 2019 Benedictus²)

1053 2052 1154 2113 ep.
1198 2034 1410 2095 Volot.
1441 2034 1625 2096 dedit
1649 2036 1856 2097 Vivo
1897 2036 2107 2115 presb.
2136 2036 2183 2098 f.
2216 2037 2278 2098 b.
2310 2056 2395 2097 m.
2428 2038 2629 2098 Eritie
2670 2040 2737 2097 in
2762 2056 2959 2098 causa
2984 2038 3515 2098 commutat-ionis

1053 2151 1184 2192 una
1225 2134 1402 2209 petia
1441 2132 1522 2193 de
1565 2140 1734 2194 terra
1777 2134 1844 2194 in
1883 2132 2056 2195 Colle
2098 2135 2269 2206 Alto,
2314 2154 2441 2215 que
2484 2142 2661 2196 tenet.
2706 2136 2769 2195 in
2813 2142 3005 2207 terra,
3054 2155 3181 2215 que
3220 2135 3345 2196 fuit
3396 2136 3509 2215 qd.

1051 2228 1252 2292 Uuidi
1292 2231 1339 2292 f.
1384 2231 1446 2291 b.
1493 2250 1576 2291 m.
1620 2231 1878 2293 'seberti
1920 2238 1988 2293 et
2030 2234 2223 2295 modo
2248 2234 2499 2295 detinet
2528 2233 2811 2295 Rodulfo
2852 2234 2899 2295 f.
2944 2234 3007 2295 b.
3054 2254 3137 2295 m.
3168 2233 3409 2307 Gontii,
3440 2238 3511 2296 in

1053 2335 1222 2388 terra
1263 2329 1474 2390 'rentii
1515 2330 1562 2390 f.
1607 2329 1670 2391 b.
1717 2350 1801 2391 m.
1833 2330 2131 2392 Gaidaldi
2174 2338 2241 2391 et
2285 2331 2635 2395 Rodilandi
2676 2331 2721 2391 f.
2767 2332 2828 2393 b.
2874 2353 2959 2394 m.
2989 2333 3209 2405 Uuidi,
3238 2335 3351 2412 qui
3380 2333 3505 2394 fuit

1053 2428 1422 2487 vicecomes.
1521 2428 1790 2508 Recepit
1843 2450 1884 2490 a
1925 2429 2276 2509 presbitero
2334 2450 2463 2491 una
2520 2432 2693 2509 petia
2744 2430 2827 2491 de
2882 2436 3055 2492 terra
3092 2432 3160 2492 in
3200 2430 3339 2492 loco
3394 2430 3507 2491 ubi

1051 2522 1175 2584 dic.
1204 2544 1245 2585 a
1299 2523 1543 2586 Cerrito
1599 2525 1799 2588 Plano
1854 2546 2053 2606 prope
2109 2528 2247 2588 loco
2302 2526 2717 2607 Sprinalbita‚
2774 2548 2901 2609 que
2958 2534 3135 2590 tenet
3188 2529 3253 2588 in
3310 2536 3505 2602 terra,

1051 2640 1174 2700 que
1216 2619 1344 2681 tuit
1383 2622 1492 2700 qd.
1540 2622 1893 2685 Ildibrandi
1934 2624 1981 2686 f.
2027 2624 2090 2686 b.
2135 2645 2221 2686 m.
2268 2625 2600 2687 Adalberti
2656 2628 2769 2705 qui
2822 2625 3035 2687 Atitio
3088 2646 3227 2687 voc.
3274 2626 3507 2688 Missus

1047 2720 1130 2781 de
1172 2738 1318 2798 pars
1360 2740 1459 2799 ep.
1502 2720 1630 2781 fuit
1669 2721 1955 2783 Liutolfo
1994 2722 2041 2783 f.
2086 2722 2149 2783 b.
2195 2744 2281 2783 m.
2327 2723 2619 2797 Arduini,
2662 2730 2727 2785 et
2773 2723 2984 2784 idonei
3026 2724 3317 2786 homines
3372 2726 3502 2786 Ro-

1046 2816 1228 2878 dulfo
1269 2820 1380 2896 qui
1424 2818 1622 2880 Rotio
1664 2839 1802 2880 voe.
1844 2820 1891 2881 f.
1938 2819 2001 2881 b.
2048 2840 2134 2881 m.
2190 2820 2525 2893 Teudaldi‚
2574 2821 2807 2882 Teutio
2846 2828 2915 2881 et
2956 2821 3172 2883 Uuido
3211 2830 3348 2881 not.
3396 2844 3503 2903 gg.

1046 2912 1092 2975 f.
1139 2914 1200 2975 b.
1247 2934 1330 2975 m.
1377 2914 1697 2978 Gaidaldi.
1782 2918 1927 2978 Act.
1972 2918 2112 2979 loco
2154 2922 2328 2979 intus
2369 2919 2631 2979 castello
2658 2918 2741 2979 de
2782 2918 3267 2999 Magrangnano
3294 2924 3502 2981 territ.

1045 3011 1258 3073 Volot.
1345 3014 1734 3076 Benedictus
1774 3034 1873 3095 ep.
1919 3015 2086 3077 Vivo
2121 3016 2329 3096 presb.
2361 3016 2593 3078 Petrus
2620 3016 2813 3079 iudex
2842 3019 2996 3097 imp.
3028 3036 3110 3078 ss.
3140 3016 3203 3079 S.
3236 3038 3321 3078 m.
3354 3018 3501 3079 Liu-

1047 3110 1184 3171 tolfi
1226 3113 1420 3173 missi.
1465 3111 1677 3174 'rentii
1718 3115 1828 3192 qui
1877 3116 2266 3176 existimavi.
2317 3114 2535 3177 Uuido
2578 3122 2715 3177 not.
2761 3116 2873 3194 qui
2914 3116 3304 3177 existimavi.
3350 3116 3501 3176 Rol-

1045 3209 1308 3287 lando”)
1363 3212 1471 3289 qui
1521 3213 1912 3273 existimavi.
1964 3210 2025 3272 S.
2080 3234 2162 3273 m.
2217 3212 2483 3275 Gresolfi
2533 3214 2580 3275 f.
2633 3213 2694 3274 b.
2748 3234 2831 3273 m.
2883 3217 3040 3275 item
3102 3214 3375 3276 Grasolfi
3418 3222 3501 3274 tt.

1043 3306 1407 3369 Gherardus
1451 3316 1584 3369 not.
1629 3312 1774 3387 inp.-

1373 3406 1529 3469 Vozt.
1577 3407 1816 3468 AVeec.
1860 3427 1911 3468 ε.
1956 3407 2148 3469 XIII
2187 3409 2311 3468 dec.
2358 3410 2397 3469 2
2439 3428 2501 3468 n.
2548 3410 2589 3471 2
2629 3410 2801 3487 Oriq.

1047 3602 1178 3661 110.
2656 3605 2953 3677 Venena,
2997 3606 3038 3667 2
3080 3605 3274 3685 April
3316 3606 3499 3667 1017.

1162 3699 1476 3760 Henrieus
1518 3702 1669 3780 imp.
1715 3722 1772 3762 a.
1817 3709 2073 3782 quartO,
2118 3710 2422 3782 quartum
2468 3722 2617 3765 non.
2662 3724 2821 3783 apr„
2870 3704 2998 3765 ind.
3042 3703 3188 3765 XV.
3274 3704 3497 3767 Gum-

1041 3795 1320 3858 fredus
1363 3796 1675 3858 Voloterr.
1721 3818 1818 3877 ep.
1865 3818 1979 3877 per
2020 3819 2399 3860 consensum
2432 3800 2838 3863 sacerdotum
2880 3821 3021 3863 can.
3067 3821 3355 3862 meorum
3384 3822 3498 3863 seu

1041 3893 1268 3953 levitas
1296 3893 1506 3972 adque
1527 3896 1770 3956 ciratioi
1799 3896 2027 3959 ordino
2054 3896 2377 3959 Uuiberto
2396 3898 2607 3978 presb.
2631 3898 2676 3959 f.
2704 3898 2765 3959 b.
2798 3920 2884 3959 m.
2916 3900 3155 3961 Amitic
3181 3907 3248 3960 et
3275 3900 3497 3961 Uuillo

1039 4011 1149 4050 seu
1179 3992 1438 4053 Bonitio
1468 4012 1570 4074 gg.
1596 3993 1929 4072 presbiteri
1950 3994 1996 4055 f.
2025 3994 2545 4075 Herminghar'da
2569 4000 2635 4058 in
2659 3998 2842 4076 plebe
2871 3998 3242 4077 baptismali
3270 4008 3493 4061 nostra

1037 4108 1086 4149 s.
1115 4090 1310 4151 Maria·
1337 4096 1402 4149 et
1445 4110 1492 4149 s,
1540 4092 1842 4153 Iohannis
1883 4094 2009 4154 sito
2052 4093 2320 4155 Fabrica
2364 4114 2507 4154 cum
2536 4100 2582 4173 ⁴)
2626 4101 2939 4173 quattuor
2970 4096 3369 4157 sistariorum
3412 4096 3493 4157 de

1039 4192 1207 4246 terra
1248 4194 1314 4245 et¹
1356 4186 1778 4249 decimatione
1819 4189 1899 4249 de
1942 4190 2211 4251 duodeci
2254 4191 2579 4252 decimalis
2622 4192 2701 4252 de
2737 4192 2940 4272 plebe,
2970 4193 3190 4254 Uuillo
3229 4193 3276 4253 f.
3308 4191 3370 4252 b.
3404 4214 3489 4253 m.

1036 4282 1371 4344 Gumberti
1413 4285 1492 4345 de
1535 4285 1718 4357 celle,
1751 4288 1919 4349 Urso
1947 4288 2027 4349 de
2057 4288 2297 4362 casale,
2346 4290 2724 4369 Leoprando
2766 4298 2834 4353 et
2876 4291 3196 4353 Iohannes
3237 4292 3317 4352 de
3360 4290 3489 4351 Me-

1173 4516 1213 4579 ²)
1268 4516 1535 4566 Vielmehr
1583 4518 1655 4568 ΙΙ.
1877 4522 1920 4585 ⁸)
1970 4522 2111 4571 Eine
2160 4538 2262 4571 von
2312 4524 2575 4573 Heinrich
2622 4524 2710 4583 II,
2764 4526 2895 4575 oben
2941 4541 2995 4575 n.
3050 4528 3169 4584 108,
3222 4528 3341 4577 und
3389 4530 3487 4577 Ce-

1033 4606 1193 4655 Icstin
1227 4605 1315 4663 ΙΙ,
1352 4614 1519 4657 unten
1555 4625 1606 4657 n.
1653 4610 1770 4667 168,
1809 4610 2069 4660 erwdhnte
2110 4611 2435 4675 Schenkunq
2483 4612 2702 4673 Eiet-hol
2740 4614 3027 4665 Benedikts
3072 4630 3147 4665 an
3190 4616 3276 4666 die
3312 4614 3467 4667 Gavio

1033 4696 1160 4746 nica
1195 4698 1265 4747 ist
1301 4698 1545 4749 verloren.
1683 4700 1726 4762 ³)
1767 4700 1841 4748 Eo
1878 4702 1949 4751 ist
1981 4702 2155 4751 sicher
2191 4703 2435 4761 dev-selbe,
2475 4704 2565 4753 der
2600 4704 2730 4755 oben
2768 4704 2976 4767 Rodull
3011 4704 3186 4756 heieu.
3300 4707 3341 4767 ⁴)
3384 4708 3491 4756 E'r-

1032 4790 1195 4848 ycinae
1234 4802 1380 4848 amo.
