3817 5642
1059 536 1130 587 58
1703 534 2145 589 REGESTUM
2184 534 2873 589 VOLATERRANUM

1065 730 1196 789 164.
2692 728 2971 803 Tramle,
3016 728 3295 789 Februar
3335 728 3517 789 1135.

1181 824 2033 897 MCXXX1111.feb.,ind.
2077 825 2274 887 XIII.
2374 824 2898 902 Rainerius¹)
2954 826 3065 905 qui
3106 826 3525 888 Pannoeehia

1061 940 1200 983 voc.
1243 922 1352 1001 qd.
1397 920 1657 1003 Ugolini
1695 923 2063 985 Pannoohie
2104 930 2174 985 et
2214 924 2441 986 Sibilia
2477 923 2524 984 f.
2562 924 2801 987 Fralmi
2842 924 3091 1005 iugalis,
3122 924 3525 1005 interrogata

1061 1039 1100 1079 a
1121 1018 1330 1097 Sigizo
1357 1018 1584 1093 iudice,
1609 1020 1946 1081 vendimus
1974 1018 2323 1085 Gualfredo
2350 1020 2431 1081 de
2452 1020 2697 1083 Serena
2720 1022 2863 1081 viee
2906 1020 3371 1083 Crescentii
3414 1042 3515 1100 ep.

1061 1114 1293 1193 (Vult.)
1335 1120 1572 1179 terram
1613 1118 1798 1179 iuxta
1827 1124 2113 1179 castrum
2142 1118 2460 1189 Montieri‚
2492 1118 2687 1179 fines:
2731 1117 3047 1179 fossatum
3076 1119 3253 1199 quod
3282 1119 3516 1181 Dome-

1059 1232 1292 1275 zanum
1329 1234 1490 1287 voc„
1518 1214 1834 1277 fossatum
1873 1214 1957 1277 de
1992 1216 2317 1295 Mignona‚
2362 1216 2705 1277 summitas
2746 1218 2985 1277 montis
3014 1217 3333 1289 Monterii,
3374 1236 3516 1295 pre-

1063 1311 1226 1371 tium
1267 1310 1402 1371 XX
1443 1310 1548 1372 lib.
1593 1312 1734 1373 den.
1781 1312 1957 1384 Luo.;
2000 1332 2143 1391 pen.
2192 1312 2245 1373 L
2285 1310 2391 1375 lib.
2440 1332 2567 1391 arg.
2672 1312 2817 1373 Act.
2862 1314 2927 1373 in
2976 1314 3295 1375 comitatu
3334 1313 3515 1375 Vult.

1059 1409 1128 1469 in
1167 1407 1430 1469 castello
1465 1408 1548 1471 de
1589 1408 1878 1471 Travale.
1964 1410 2027 1472 S.
2060 1430 2143 1469 m.
2176 1408 2461 1471 Rainerii
2496 1416 2564 1470 et
2588 1409 2827 1472 Sibilie.
2871 1409 3229 1473 Ildibraudi
3268 1410 3317 1471 f.
3362 1410 3517 1471 Cur-

1059 1504 1218 1565 radi.
1265 1506 1566 1567 Rainaldi
1605 1506 1650 1567 f.
1693 1506 2026 1569 Iohaneui.
2072 1506 2417 1569 Aibericuli
2456 1507 2537 1567 αθ
2592 1508 2729 1569 1101.
2786 1508 3071 1587 Gregorii
3132 1508 3213 1568 de
3274 1492 3539 1571 Sancto‘

1059 1603 1433 1665 Ieminiano.
1479 1604 1782 1667 Rainaldi
1821 1604 1902 1664 de
1944 1604 2280 1667 Monterio.
2327 1604 2641 1667 Gualterii
2680 1611 2761 1666 tt.
2848 1606 3103 1667 Branoa
3140 1610 3276 1666 not.

1387 1702 1546 1764 Vola.
1571 1702 1808 1763 AVeac.
1840 1722 1889 1763 ε.
1922 1702 2070 1763 XII
2112 1700 2234 1764 dec.
2266 1703 2305 1764 4
2332 1722 2398 1763 n.
2434 1704 2471 1765 7
2510 1703 2683 1781 Oriq.
2714 1702 2896 1765 Liber
2918 1704 3157 1765 iuriam
3190 1702 3271 1764 18
3310 1704 3413 1764 cit.

1067 1896 1198 1955 165.
2595 1895 2875 1969 Tramle,
2918 1896 3001 1957 22
3036 1896 3290 1957 Januar
3330 1894 3517 1956 1139.

1183 1992 1627 2055 Raineriue
1681 2012 1892 2055 eomes
1938 1996 2045 2075 qui
2086 1994 2485 2074 Pannoohya
2522 2000 2801 2055 vocatur
2822 1995 2867 2070 ³)
2912 1994 2958 2053 f.
3002 1993 3111 2073 qd.
3148 1993 3408 2071 Ugolini
3446 1998 3520 2053 et

1061 2086 1301 2152 Subilia
1323 2090 1430 2170 qd.
1451 2090 1686 2153 Fralmi
1716 2090 1957 2173 iugales
1980 2092 2274 2153 vendunt
2316 2091 2603 2153 Odalm
2620 2112 2761 2153 aro
2800 2110 2899 2170 ep.
2922 2090 3097 2153 Vult.
3116 2090 3287 2151 bona
3308 2091 3519 2152 suain

1061 2188 1664 2265 septentrionalibus
1705 2190 2113 2269 episcopatus
2154 2188 2448 2269 partibus
2490 2190 2617 2250 sita
2658 2208 2776 2267 pro
2806 2190 3015 2268 pretio
3042 2190 3175 2249 sive
3202 2186 3523 2251 launehilt

1063 2282 1169 2345 lib.
1214 2284 1262 2345 C
1301 2286 1446 2346 den.
1491 2285 1644 2348 Luc.

1391 2384 1543 2443 Volt.
1591 2385 1829 2447 AVeec.
1871 2404 1923 2445 ε.
1955 2384 2101 2446 XII
2144 2386 2267 2445 dec.
2302 2386 2341 2447 4
2380 2406 2445 2445 π.
2477 2386 2557 2447 14
2597 2386 2770 2462 Oriq.
2814 2385 2997 2445 Liber
3038 2384 3277 2445 iuriam
3320 2384 3369 2444 7⁶
3408 2383 3519 2443 cit.

1385 2481 1502 2541 Ed.
1548 2481 1768 2543 Giachi
1803 2485 1814 2513 ¹
1863 2482 1985 2543 136
2010 2508 2089 2538 :z
2132 2488 2151 2515 ⁸
2181 2482 2303 2545 460
2348 2484 2465 2543 mit
2503 2482 2796 2561 salechem
2842 2482 3080 2542 Datum
3122 2481 3187 2541 X
3228 2486 3370 2541 stati
3412 2479 3521 2540 XI

1381 2578 1504 2640 kal.
1550 2580 1679 2641 feb.

1071 2794 1199 2853 166.
2692 2792 2870 2865 Rom,
2915 2792 2997 2854 30
3035 2790 3291 2851 Januar
3332 2790 3515 2851 1142.

1183 2889 1588 2967 Privilegium
1647 2892 2067 2971 protectionis
2122 2892 2608 2953 Innocentii
2662 2890 2743 2953 ΙΙ
2800 2908 2917 2968 pro
2970 2888 3221 2951 Uberi-o
3276 2886 3526 2949 abbate

1065 3004 1233 3047 mon.
1278 3006 1326 3048 e.
1371 2988 1567 3048 Marie
1608 2988 1688 3049 de
1732 2990 2045 3049 Mor-rone.

1392 3085 1548 3147 Volt.
1583 3085 1820 3148 AVeec.
1849 3106 1902 3147 ε.
1933 3086 2081 3147 XII
2110 3086 2233 3147 dec.
2266 3086 2305 3145 5
2330 3106 2395 3147 n.
2427 3087 2464 3146 1
2494 3086 2667 3163 Oriy.
2792 3084 2911 3146 Ed.
2940 3082 3525 3163 PtluqhHar-ttunq

1385 3184 1538 3243 Acta
1579 3184 1659 3243 II
1699 3184 1818 3245 321
1849 3204 1907 3245 n.
1940 3184 2079 3245 360.
2124 3184 2275 3261 Req.
2318 3184 2443 3245 JL.
2490 3184 2670 3245 8200.

1069 3380 1201 3441 167.
2570 3378 2994 3455 Villamaqna,
3036 3376 3292 3437 Jcmuar
3332 3374 3519 3437 1144.

1185 3474 1586 3547 MCXLIIIL
1629 3478 1933 3549 ienuario,
1980 3476 2111 3538 ind.
2162 3476 2355 3537 VII.
2412 3477 2936 3539 Rubertinus
2971 3477 3019 3551 ⁸)
3062 3492 3275 3535 eomes
3316 3474 3360 3534 f.
3405 3472 3519 3552 qd„

1063 3573 1470 3652 Uguiceionis
1509 3574 1680 3635 dono
1719 3575 1869 3636 eccl.
1916 3595 1965 3635 ε.
2010 3576 2208 3637 Marie
2248 3582 2317 3635 et
2358 3577 2661 3637 canonice
2701 3594 2753 3635 ε.
2800 3573 3141 3637 Octaviani
3168 3591 3389 3633 omnes
3415 3588 3525 3631 res

1065 3690 1237 3731 meas
1257 3672 1337 3732 de
1359 3672 1620 3733 castello
1640 3680 1708 3733 et·
1733 3679 1916 3734 curte
1949 3675 2029 3735 de
2046 3673 2311 3752 Vignale
2332 3681 2399 3735 et
2422 3673 2711 3735 curtibus
2730 3672 2813 3735 de
2840 3674 3137 3753 Rignano
3164 3676 3230 3731 et
3260 3662 3518 3741 cedula,

1061 3776 1332 3849 excepto
1361 3768 1525 3830 med.
1557 3770 1781 3831 mulini
1807 3778 1876 3831 et
1903 3778 2225 3849 quant-um
2266 3771 2354 3832 da
2378 3790 2481 3831 me
2520 3778 2701 3833 tenet
2730 3768 3099 3849 Mingardu;
3128 3786 3275 3847 pen.
3306 3768 3373 3828 Μ
3398 3764 3518 3827 eol.

1061 3868 1206 3927 den.
1252 3888 1381 3946 arg.
1425 3865 1577 3928 Luc.
1621 3868 1906 3930 Scribere
1928 3870 2204 3949 'rogavit
2243 3868 2565 3930 Ubartum
2604 3876 2741 3929 not.
2788 3890 2829 3931 a
2882 3866 3132 3947 plebem
3188 3866 3269 3926 de
3322 3864 3519 3926 Villa-

1063 3986 1313 4044 magna.
1399 3964 1462 4028 S.
1507 3984 1591 4026 m.
1637 3966 1998 4028 Rubertini.
2044 3966 2306 4027 Gerar-di
2350 3966 2457 4046 qd.
2501 3964 2810 4030 Ildiberdi
2863 3972 2933 4025 et
2986 3964 3130 4045 Ugo
3184 3964 3295 4041 qui
3340 3962 3527 4023 Rim-

1063 4062 1250 4123 botto
1279 4082 1416 4123 voc.
1461 4068 1541 4123 tt.
1574 4063 1846 4124 Factum
1877 4066 1945 4125 in
1972 4066 2295 4144 presentia
2322 4064 2581 4143 plebani
2606 4063 2687 4125 de
2708 4062 3113 4142 villamagna
3148 4067 3219 4121 et
3242 4061 3523 4123 Iohanni

1062 4160 1268 4239 presb.
1311 4161 1392 4221 de
1435 4161 1840 4239 campurina.
1929 4163 2123 4225 Carta
2160 4163 2339 4222 facta
2380 4162 2501 4222 tali
2541 4162 2768 4234 tinore,
2812 4161 2866 4221 si
2908 4158 3307 4221 Rubertinus
3354 4177 3529 4218 mor-

1061 4263 1213 4320 tuus
1252 4256 1448 4317 fuerit
1487 4259 1621 4319 sine
1663 4258 1809 4318 filiis
1856 4257 2197 4319 heredibus
2244 4258 2325 4319 de
2367 4257 2655 4337 legitima
2694 4277 2913 4330 uxore,
2944 4254 3377 4336 suprascripta
3424 4272 3525 4313 re-

1061 4362 1366 4417 maneant·
1408 4357 1474 4417 in
1513 4362 1840 4434 potestate
1880 4354 2030 4417 eccl.
2074 4362 2141 4415 et
2182 4357 2311 4417 suis
2352 4354 2725 4417 rectoribus.
2810 4354 3099 4416 Ubertus
3138 4365 3273 4415 not.

1387 4454 1547 4515 Volt.
1593 4452 1812 4531 AGap.
1855 4474 1922 4514 n.
1965 4452 2087 4514 136
2126 4452 2301 4531 Oriq.

1207 4680 1248 4745 ι)
1288 4679 1408 4729 Aus
1457 4680 1577 4729 dem
1626 4680 1812 4729 Hause
1863 4679 2330 4731 Pannocchieechi.
2516 4680 2559 4745 ³)
2610 4678 2861 4730 Dereelbe
2916 4680 3013 4729 wis
3062 4675 3417 4739 Annia-leuno
3465 4676 3523 4725 1.

1059 4768 1106 4834 ³)
1145 4767 1266 4817 Aue
1299 4768 1418 4817 dem
1453 4766 1642 4817 Haase
1667 4766 2117 4818 Pannoachieochi
2153 4768 2268 4817 und
2325 4769 2415 4818 ein
2451 4767 2661 4817 Bruder
2695 4767 2787 4816 dae
2823 4782 2876 4816 n.
2913 4769 3013 4817 171
3052 4772 3354 4829 nemausen
3374 4762 3519 4813 Ilae-

1058 4857 1317 4917 brandin,·
1356 4855 1636 4919 vcrq'zziche
1672 4856 1811 4906 auch
1847 4872 1898 4905 n.
1942 4859 2062 4907 158.
