3817 5642
895 572 1348 627 REGESTUM
1383 572 2075 630 VOLATERRANUM
2615 578 2715 629 105

237 766 508 841 liuntur,
553 770 718 831 med.
764 770 1204 831 habitantium
1249 773 1315 832 in
1358 772 1679 849 cappellis,
1725 774 1837 851 qui
1881 773 1951 831 in
1975 773 2287 833 cimiterio
2316 773 2715 851 sepulturam

241 864 511 939 habent,
549 865 848 928 deductis
874 868 1226 929 moderatis
1254 870 1548 949 expensis
1576 871 1662 930 ad
1689 870 2207 931 tumulationem.
2295 870 2717 931 Prohibemus

241 966 638 1025 auctoritate
681 966 857 1025 Petri
884 969 928 1036 ¹)
975 966 1456 1045 predecessoris,
1501 987 1582 1027 ne
1637 968 1782 1046 quis
1837 966 2173 1027 habitator
2226 966 2447 1028 Sancti
2502 968 2716 1029 Gemi·
2808 1016 2811 1019 .

247 1061 432 1122 niani
463 1063 648 1141 apud
689 1064 1046 1143 cappellam
1089 1064 1170 1125 de
1213 1064 1492 1125 Paterno
1521 1084 1688 1125 nunc
1719 1072 2021 1125 vocatam
2050 1066 2358 1125 canonica
2385 1066 2467 1125 de
2494 1066 2719 1128 Strata

241 1163 446 1242 eligat
484 1162 902 1240 sepulturam.
989 1161 1483 1225 Ildebrandinus
1511 1184 1608 1241 ep.
1640 1163 1813 1226 Vult.
1845 1164 2041 1245 Hugo
2069 1163 2452 1243 archipresb.
2486 1164 2717 1226 Petrus
2798 1222 2811 1235 ,

241 1261 546 1321 sacerdos
601 1266 670 1321 et
710 1279 847 1321 can.
891 1259 1252 1323 Wiaderius
1293 1280 1431 1321 can.
1475 1266 1544 1321 et
1584 1262 1745 1322 diac.
1790 1261 2095 1339 Magister
2134 1262 2426 1323 Mitidius
2468 1282 2605 1323 can.
2652 1270 2719 1325 et

245 1355 537 1417 subdiac.
581 1356 925 1417 Tolomeus
966 1376 1104 1416 can.
1150 1362 1218 1417 et
1259 1357 1543 1419 subdiac.
1592 1357 1973 1438 Paganellus
2015 1378 2151 1419 can.
2198 1380 2275 1419 ss

581 1454 746 1517 Volt.
794 1452 1016 1532 Aoap.
1057 1475 1121 1516 π.
1166 1454 1288 1516 165
1307 1454 1402 1516 bis
1445 1456 1614 1532 Oriy.

251 1650 396 1712 301.
1952 1652 2250 1726 Volterra,
2296 1652 2717 1729 (1185-1212).

373 1746 808 1828 I[ldebran
826 1746 1016 1826 dus]
1059 1765 1158 1825 ep.
1203 1745 1379 1807 Vult.
1419 1766 1533 1826 pro
1563 1751 1936 1827 episcopatu
1966 1752 2208 1829 recepit
2234 1751 2319 1811 ab
2346 1749 2719 1831 [Ildinran-

248 1846 410 1907 dino
451 1850 520 1906 et
561 1844 960 1906 Montanello
1000 1843 1044 1906 f.
1090 1843 1398 1905 Mendrizi
1440 1842 1560 1905 LX
1602 1845 1710 1906 lib.
1749 1846 1876 1906 Pis.
1907 1853 2185 1907 monete.
2216 1867 2333 1925 pro
2361 1848 2596 1926 quibus
2624 1848 2721 1909 VI

251 1942 367 2004 lib.
413 1944 753 2004 annuatim
794 1941 878 2003 ab
907 1942 1166 2021 ospitali
1193 1961 1244 2003 s.
1275 1940 1583 2003 Iohannis
1609 1944 1692 2003 de
1720 1944 1956 2005 Serena
1982 1948 2051 2005 et
2079 1945 2203 2005 XV
2239 1944 2346 2005 lib.
2392 1966 2433 2005 a
2473 1950 2719 2006 rectore

245 2041 334 2101 de
379 2040 708 2118 Altipassu
752 2058 870 2117 pro
910 2038 1165 2117 pascuis
1205 2037 1459 2099 debitas
1502 2039 1734 2121 obligo.
1834 2040 1978 2101 Act.
2029 2040 2324 2101 Vulterre
2366 2043 2431 2101 in
2472 2042 2720 2119 palatio

243 2158 352 2217 ep.
411 2157 628 2199 coram
656 2138 864 2215 priore
888 2156 937 2196 s.
961 2135 1253 2196 Mariani.
1287 2136 1574 2197 Iohanne
1595 2137 1982 2199 Lombardo.
2007 2138 2323 2199 Ubertino
2351 2142 2717 2199 camerario

247 2236 650 2297 Carfannino
691 2235 965 2295 mulatio
1003 2236 1264 2295 nomine
1306 2235 1766 2297 Bonaventura
1806 2243 1888 2297 tt.
1975 2235 2317 2314 Iacopinus
2359 2242 2494 2297 not.

586 2333 748 2395 Volt.
794 2332 1032 2394 AVesc.
1077 2332 1248 2411 App.
1293 2333 1414 2394 Ild.
1457 2332 1592 2415 ns3
1632 2336 1805 2411 Θήρ.

251 2530 399 2591 302.
1924 2528 2219 2603 Volterra,
2266 2530 2305 2590 6
2348 2530 2494 2591 Mai
2536 2531 2716 2592 1212.

379 2628 585 2688 Pacta
604 2626 780 2706 pacis
810 2627 981 2686 inter
1008 2624 1509 2687 Rainaldum
1537 2626 1815 2686 Abbatis
1839 2628 1884 2703 ²}
1918 2626 2133 2688 Vult.
2166 2634 2325 2705 pot.
2357 2632 2426 2688 et
2448 2628 2717 2689 Noradi-

251 2745 435 2797 num,
469 2723 958 2794 Bernardinum,
990 2723 1334 2784 Albertum
1361 2742 1464 2803 gg.
1496 2722 1604 2802 qd.
1637 2723 2018 2784 Bernardini
2047 2724 2127 2785 de
2162 2724 2417 2797 Miem0,
2451 2726 2718 2787 Bernar-

251 2825 482 2885 dinum
513 2821 558 2881 f.
592 2821 906 2882 Rainucci
929 2841 1044 2899 pro
1066 2842 1132 2881 se
1161 2828 1228 2881 et
1251 2821 1620 2883 Bonacurso
1640 2821 1685 2881 f.
1710 2821 2054 2902 Frederigi.
2142 2824 2318 2884 Dicti
2344 2826 2719 2885 iuraverunt

245 2915 791 2980 cictadinantiam
837 2917 1012 2977 Vult.
1057 2924 1124 2977 et
1165 2919 1414 2979 salvare
1463 2918 1752 2979 homines
1802 2918 2004 2992 Vult.;
2054 2920 2175 2979 hoc
2223 2919 2463 2981 facient
2513 2922 2720 2982 iurare

248 3013 556 3077 omnibus
583 3034 807 3075 eorum
833 3013 1199 3075 hominibus
1241 3019 1307 3074 et
1341 3014 1635 3076 fidelibus
1663 3016 1745 3076 de
1767 3016 2003 3076 Miemo
2022 3022 2435 3095 preterquam
2456 3016 2717 3077 cictadj-

250 3110 572 3173 nantiam.
617 3110 935 3171 Fecerunt
977 3111 1168 3171 finem
1213 3112 1466 3172 comuni
1508 3112 1592 3172 de
1634 3112 1892 3173 offensis
1945 3119 2012 3174 et
2069 3114 2499 3191 promiserunt
2537 3113 2718 3174 habi·

248 3216 398 3271 tare
439 3207 618 3269 Vult.
662 3228 812 3269 cum
851 3208 1097 3269 familia
1138 3211 1205 3269 in
1248 3228 1405 3287 pace
1448 3208 1720 3281 duobus,
1765 3212 1833 3269 in
1860 3229 2089 3290 guerra
2124 3208 2330 3271 tribus
2358 3209 2718 3284 mensibus;

251 3326 387 3367 non
415 3304 750 3366 castellare
791 3305 1056 3383 podium
1097 3305 1178 3365 de
1217 3305 1452 3365 Miemo
1493 3310 1610 3366 aut
1651 3306 1826 3365 aliud
1868 3308 1934 3365 in
1964 3308 2098 3367 eius
2126 3312 2343 3379 curt-e3
2379 3308 2718 3369 annuatim

245 3404 413 3464 dare
454 3404 770 3481 potestati
809 3421 1060 3463 cereum
1091 3402 1156 3462 X
1197 3402 1330 3473 lib.;
1359 3421 1506 3478 pen.
1538 3402 1604 3460 M
1634 3422 1826 3462 marc.
1859 3421 2016 3482 arg„
2046 3402 2498 3483 obligaverunt
2526 3403 2716 3478 bona,

247 3522 384 3582 que
411 3500 661 3562 habent
700 3502 768 3561 in
809 3500 988 3562 Gello
1029 3507 1096 3561 et
1138 3505 1336 3560 curte.
1424 3499 1808 3561 Lambertus
1848 3501 1930 3560 de
1971 3500 2239 3572 Cezan0,
2271 3500 2611 3562 Saladinus
2639 3501 2719 3562 de

249 3598 604 3671 Orciati00‚
647 3599 1056 3678 Malaparuta
1097 3598 1206 3677 qd.
1249 3598 1496 3679 Ugonis
1549 3598 1973 3659 fideiubentes
2027 3602 2459 3678 promiserunt
2510 3600 2720 3660 dictos

251 3698 482 3759 omnia
521 3695 895 3769 observare;
927 3695 1332 3775 Malaparuta
1359 3694 1672 3775 obligavit
1709 3715 1825 3756 sua
1855 3696 2024 3755 bona
2054 3698 2120 3755 in
2152 3696 2443 3775 Agnano,
2475 3694 2719 3756 Saladi-

247 3816 378 3857 nus
407 3813 526 3854 sua
555 3792 728 3854 bona
767 3795 836 3854 in
877 3795 1101 3854 castris
1141 3792 1222 3854 de
1265 3793 1585 3865 Orciatico
1627 3798 1695 3856 et
1727 3793 2022 3873 Agnano.
2103 3792 2165 3853 N
2170 3794 2319 3855 orad
2331 3795 2470 3854 inus
2511 3800 2578 3853 et
2612 3795 2721 3854 alii

245 3894 416 3955 dicti
454 3898 830 3971 receperunt
872 3911 913 3951 a
952 3891 1274 3951 Rainaldo
1313 3911 1430 3970 pro
1470 3891 1570 3951 his
1612 3890 1908 3951 omnibus
1952 3890 2061 3950 lib.
2108 3892 2167 3953 D
2208 3891 2352 3950 den.
2398 3891 2595 3962 Vult„
2640 3892 2722 3952 de

247 3990 496 4071 quibus
523 3990 952 4067 promiserunt
994 3988 1149 4048 dare
1191 3990 1258 4048 in
1285 3990 1610 4066 emptione
1638 3988 1979 4048 domorum
2008 3994 2074 4047 et
2102 3994 2417 4047 terrarum
2446 3990 2513 4048 in
2537 3988 2718 4049 Vult.

253 4088 342 4151 ad
368 4088 616 4148 festum
635 4107 685 4147 s.
715 4086 1043 4148 Michaelis
1070 4088 1138 4146 in
1166 4092 1330 4165 sept.
1361 4085 1469 4146 lib.
1502 4086 1618 4147 Oc.
1704 4087 2004 4146 Potestas
2032 4104 2178 4145 cum
2207 4086 2468 4146 consilio
2496 4104 2720 4145 consu-

249 4186 394 4248 lum
437 4192 864 4246 mercatorum
907 4190 975 4245 et
1017 4185 1274 4245 maioris
1315 4185 1518 4261 partis
1560 4184 1830 4243 aliorum
1874 4181 2189 4243 bonorum
2246 4184 2577 4245 hominum
2619 4203 2721 4262 ge-

251 4283 494 4345 neralis
535 4283 778 4344 consilii
820 4282 974 4343 fecit
1015 4282 1211 4342 finem
1251 4282 1440 4342 dictis
1483 4288 1551 4341 et
1579 4300 1796 4342 eorum
1827 4280 2195 4342 hominibus
2226 4287 2291 4340 et·
2320 4279 2614 4342 fidelibus
2641 4282 2723 4343 de

249 4380 551 4451 offensis3
595 4380 1026 4459 querimonias
1066 4378 1146 4439 de
1188 4377 1486 4458 dampnis
1528 4379 1718 4439 factis
1760 4379 2091 4438 occasione
2126 4396 2349 4456 guerre
2379 4377 2479 4437 vel
2508 4378 2589 4439 de
2616 4398 2724 4440 ne·

249 4480 456 4560 gotie,
501 4476 676 4556 quod
717 4475 1084 4537 Noradinus
1125 4475 1357 4536 habuit
1393 4495 1548 4555 ‘cum
1591 4462 1788 4536 uxore
1830 4494 1948 4535 sua
1977 4475 2369 4547 Albertesca,
2399 4495 2528 4537 non
2572 4478 2726 4537 reci-

405 4694 446 4755 ¹)
491 4690 770 4750 Umicher,
806 4691 1020 4741 welcher
1056 4706 1157 4740 von
1193 4692 1296 4740 den
1334 4694 1364 4741 5
1405 4691 1692 4753 BiscMsen
1729 4692 1818 4741 des
1845 4692 2090 4740 Numam
2116 4690 2293 4753 (Peter
2325 4692 2367 4741 V
2397 4692 2726 4753 1036-1099)

257 4782 492 4845 qemeint
525 4782 616 4831 iet.
763 4781 805 4843 ²)
849 4778 1002 4829 wohl
1038 4782 1128 4831 ein
1164 4781 1364 4830 Abbati
1397 4796 1500 4829 aus
1537 4781 1778 4831 Florem.
