3817 5642
1119 595 1192 647 86
1765 595 2209 651 REGESTUM
2246 594 2933 652 VOLATERRANUM

1119 790 1261 852 249.
2845 792 3023 861 Pisa,
3067 793 3150 854 25
3187 792 3357 854 Juni
3395 792 3583 853 1199.

1281 888 1716 951 Hubaldus
1771 891 1894 952 Pis.
1944 890 2237 969 archiep,
2284 888 2575 952 Sardinie
2632 892 2888 969 primas,
2947 909 3048 969 ap.
3107 890 3273 951 sedis
3327 892 3589 970 legatus

1117 988 1399 1049 concedo
1425 986 1708 1049 Martino
1747 988 1945 1066 priori
1984 986 2465 1048 camaldulensi
2506 988 2839 1067 recipienti
2878 1006 2999 1066 pro
3055 1008 3221 1049 mon.
3272 1008 3319 1049 s.
3376 987 3588 1047 Marie

1119 1082 1432 1157 Morrone,
1459 1091 1535 1145 ut
1552 1085 1742 1145 liceat
1771 1082 1892 1144 tibi
1922 1084 2258 1145 instituere
2287 1084 2733 1145 sacerdotem
2716 1104 2785 1145 m
2810 1084 3061 1163 capella
3076 1085 3156 1145 de
3177 1084 3585 1146 Montanino.

1121 1182 1263 1243 Act.
1295 1181 1458 1241 Pisis
1487 1182 1552 1241 in
1579 1200 1834 1241 camera
1863 1180 2137 1259 archiep.
2224 1200 2384 1259 pres.
2418 1180 2674 1243 Simone
2702 1179 2943 1243 abbate
2969 1200 3018 1241 s.
3048 1180 3289 1243 Savini.
3321 1181 3589 1261 Oseppo

1121 1278 1360 1341 abbate
1399 1280 1480 1341 de
1507 1278 1779 1342 Cintoia.
1811 1276 2105 1340 Guidone
2148 1278 2355 1357 priore
2384 1278 2465 1339 de
2492 1277 2845 1342 Camaldoli
2872 1278 2952 1339 de
2982 1279 3321 1341 Florentia.
3358 1279 3585 1339 Presb.

1124 1372 1406 1437 Orlando
1445 1375 1526 1436 de
1573 1375 1890 1437 Morrona.
1950 1375 2299 1437 Lamberto
2354 1375 2601 1437 sindico
2654 1395 2703 1437 s.
2762 1373 3001 1437 Savini.
3056 1375 3422 1437 Bonacurso
3465 1376 3585 1455 qd.

1119 1471 1452 1533 Guidonis.
1498 1471 1850 1533 Orlandino
1893 1472 2001 1551 qd.
2044 1472 2407 1533 Martinelli.
2454 1471 2748 1551 Mogione
2793 1474 2897 1551 qd.
2936 1471 3197 1533 Martini
3224 1478 3305 1533 tt.
3390 1472 3585 1539 MCC

1123 1569 1250 1629 ind.
1293 1569 1384 1642 ΙΙ,
1414 1566 1544 1628 VII
1573 1568 1701 1628 kal.
1732 1568 1862 1629 iuli.
1948 1568 2221 1649 Uguicio
2260 1566 2303 1629 f.
2350 1568 2457 1646 qd.
2490 1568 2931 1630 lldebrandini
2972 1570 3054 1629 de
3094 1570 3271 1630 curia
3298 1568 3583 1681 Gualan-

1122 1666 1464 1745 dingorum
1507 1664 1764 1727 Henrici
1809 1666 1961 1746 imp
2009 1667 2202 1727 iudex
2244 1667 2376 1728 ord.
2422 1672 2488 1725 et
2530 1673 2662 1727 not.

1451 1762 1604 1825 Volt.
1649 1762 1886 1823 AVeec.
1930 1782 1978 1824 ε.
2023 1762 2172 1823 XII
2212 1764 2331 1825 dec.
2378 1763 2460 1824 10
2498 1784 2559 1823 n.
2604 1764 2686 1823 15
2726 1764 2893 1841 Oriq.

1121 1958 1262 2018 250.
2506 1958 2861 2034 Semisonte,
2904 1958 2984 2039 ‚⁴24
3026 1958 3359 2018 November
3397 1957 3577 2019 1199.

1244 2052 1554 2115 Homines
1583 2054 1804 2135 oppidi
1831 2054 1873 2114 S
1892 2074 2035 2116 anc
2054 2056 2120 2115 ti
2148 2054 2203 2115 G
2221 2074 2335 2116 em
2354 2056 2373 2115 i
2392 2058 2616 2117 niani
2655 2056 2938 2116 iuramus
2966 2054 3331 2115 hominibus
3358 2056 3584 2135 oppidi

1123 2154 1205 2215 de
1260 2149 1480 2215 Colle
1523 2158 1738 2213 tenere
1779 2152 2153 2213 societatem
2197 2155 2280 2216 ad
2322 2152 2514 2214 XXV
2559 2172 2775 2215 annos.
2821 2152 3123 2215 Consules
3166 2152 3264 2213 vel
3306 2161 3584 2215 rectores

1123 2251 1330 2312 iurare
1355 2248 1663 2311 faciemus
1705 2252 1881 2311 omni
1924 2250 2363 2330 quinquennio
2400 2251 2489 2311 ire
2517 2252 2600 2313 ad
2632 2252 2941 2332 oppidum
2970 2251 3054 2311 de
3080 2250 3249 2312 Colle
3278 2255 3346 2311 et
3372 2252 3581 2329 inqui-

1123 2368 1258 2409 rere
1285 2346 1574 2410 consules
1595 2346 1699 2407 vel
1717 2354 1995 2410 rectores
2014 2349 2169 2421 eius,
2202 2356 2279 2409 ut
2304 2349 2549 2411 iaciant
2577 2349 2713 2409 fieri
2734 2352 3205 2411 sacramentum
3236 2350 3579 2410 societatis.

1125 2444 1532 2508 Salvabimus
1574 2445 1862 2506 homines
1902 2447 1984 2508 de
2029 2446 2229 2519 Colle;
2264 2448 2455 2528 quisi
2490 2446 2552 2508 in
2584 2448 2846 2509 servitio
2876 2454 3097 2511 nostro
3128 2448 3437 2520 venerint,
3468 2448 3583 2511 da-

1125 2541 1337 2603 bimus
1379 2540 1702 2613 victualia,
1748 2562 2002 2621 panem,
2050 2544 2296 2613 vinum,
2339 2561 2615 2617 carnem,
2662 2562 3019 2616 annonam3
3062 2564 3261 2623 equos
3293 2550 3360 2605 et
3402 2564 3585 2606 arma

1123 2638 1622 2703 emendabimus.
1671 2638 1983 2701 Homines
2011 2642 2232 2704 Sancti
2258 2640 2642 2715 Geminiani,
2676 2642 2785 2720 qui
2813 2647 2963 2720 post
2990 2660 3211 2722 pacem
3248 2642 3329 2703 de
3353 2662 3587 2721 guerra

1125 2738 1366 2801 Casalie
1409 2740 1584 2815 apud
1625 2756 1741 2799 nos
1785 2738 2043 2811 fuerint,
2090 2738 2381 2816 inquisiti
2424 2740 2507 2802 ab
2548 2758 2769 2801 eorum
2800 2739 3076 2801 dominis
3110 2740 3451 2801 reddemus
3478 2742 3583 2801 vel

1124 2855 1271 2898 oum
1313 2836 1404 2897 eis
1443 2836 1827 2899 concordare
1869 2835 2179 2897 faciemus
2204 2835 2397 2897 libere
2424 2843 2492 2897 et
2520 2838 2653 2897 sine
2680 2836 2953 2915 placito;
2996 2838 3296 2918 deinceps
3334 2837 3581 2899 nullum

1125 2934 1513 3014 recipiemus.
1563 2934 1658 2993 De
1699 2934 1931 3012 predis,
1976 2931 2549 3007 combustionibus,
2594 2935 3006 2997 incisionibus
3062 2956 3103 2996 a
3159 2956 3312 3013 pace
3358 2956 3585 3017 guerre

1127 3031 1370 3095 Casalie
1413 3030 1594 3094 nobis
1637 3032 1825 3092 factis
1869 3032 2346 3111 requisitionem
2392 3052 2517 3093 non
2561 3033 2884 3095 faciemus.
2934 3033 3321 3107 Credentias,
3366 3034 3585 3097 malle·

1125 3129 1354 3195 varias,
1399 3129 1835 3190 fideiussiones
1879 3150 1919 3189 a
1958 3130 2136 3191 dicta
2176 3149 2333 3209 pace
2373 3129 2584 3191 factas
2628 3130 2725 3191 vel
2770 3132 3031 3193 inantea
3071 3131 3397 3193 faciendas
3436 3152 3587 3193 con·

1126 3226 1292 3287 sules
1333 3225 1421 3287 cis
1464 3226 1548 3287 ad
1588 3226 1712 3286 XV
1755 3227 1890 3287 dies
1932 3232 2079 3306 post
2122 3226 2604 3305 requisitionem
2646 3227 2917 3289 dabunt.
2962 3226 3029 3287 Si
3062 3229 3207 3306 quis
3234 3227 3585 3291 reclamum

1125 3322 1346 3385 fecerit
1373 3324 1547 3401 apud
1575 3322 1863 3385 consules
1892 3330 1959 3385 et
1986 3330 2264 3385 rectores
2292 3332 2377 3397 et,
2410 3325 2466 3383 si
2484 3324 2551 3385 hi
2580 3344 2709 3385 non
2732 3324 2991 3398 fuerint,
3016 3326 3192 3404 apud
3214 3325 3351 3386 XII
3382 3325 3587 3387 bonos

1127 3421 1295 3481 viros
1338 3419 1557 3481 Sancti
1600 3420 1983 3491 Geminiani,
2027 3420 2273 3481 faciant
2314 3421 2371 3481 ei
2414 3422 2744 3483 rationem.
2792 3420 2859 3483 Si
2898 3420 3187 3485 consules
3216 3426 3279 3481 et
3310 3428 3590 3483 rectores

1127 3522 1245 3579 aut
1285 3518 1642 3597 provisores
1686 3518 1752 3577 in
1794 3516 1966 3579 Colle
2008 3536 2139 3578 non
2180 3517 2437 3592 fuerint,
2485 3520 2747 3596 quando
2788 3517 2995 3579 nostri
3032 3517 3323 3580 consules
3364 3538 3442 3579 eo
3498 3521 3589 3580 ire

1127 3613 1425 3686 debeant,
1471 3615 1673 3675 nostri
1713 3633 1818 3677 eos
1862 3611 2123 3695 eligant,
2168 3620 2235 3676 et
2276 3616 2330 3674 si
2391 3616 2457 3675 in
2512 3622 2787 3693 utroque
2846 3615 3085 3693 oppido
3138 3614 3429 3677 consules
3488 3616 3591 3677 vel

1129 3720 1400 3773 rectores
1443 3734 1574 3777 non
1612 3713 1870 3785 fuerint,
1918 3714 2281 3792 prepositus
2321 3712 2542 3775 Sancti
2585 3714 2951 3777 Geminiani
2996 3732 3143 3774 cum
3200 3713 3586 3794 archipresb.

1127 3810 1208 3871 de
1249 3808 1419 3873 Colle
1461 3808 1698 3889 eligant
1741 3812 1808 3870 in
1851 3817 2127 3889 utroque
2170 3811 2308 3873 XII
2352 3810 2555 3873 bonos
2600 3812 2905 3886 homines,
2954 3812 3044 3873 VI
3086 3812 3337 3890 pedites
3382 3818 3451 3873 et
3493 3813 3583 3873 VI

1127 3905 1376 3967 milites.
1422 3904 1736 3967 Homines
1775 3907 1854 3967 de
1897 3906 2069 3969 Colle
2112 3907 2567 3970 adjuvabimus
2610 3908 2691 3968 de
2738 3908 2979 3986 guerris
3032 3927 3181 3967 cum
3237 3907 3584 3970 Martulen-

1126 4002 1302 4063 sibus
1322 4006 1364 4079 ¹)
1390 4003 1472 4065 ad
1487 4023 1780 4083 guerram
1805 4004 2055 4065 finitam
2081 4011 2308 4066 contra
2330 4024 2570 4075 omnes,
2596 4006 2709 4083 qui
2736 4004 3157 4067 Martulenses
3181 4004 3585 4079 adiuvarent,

1127 4102 1507 4163 nominatim
1531 4107 1756 4163 contra
1777 4102 2210 4173 Florentinos;
2241 4110 2657 4181 exceptamus
2686 4106 3055 4181 episcopum
3076 4101 3278 4173 Vult„
3296 4102 3588 4165 homines

1125 4200 1206 4260 de
1225 4199 1545 4266 Certaldo.
1566 4199 1990 4279 CatingnanO,
2021 4199 2380 4275 Gambassi,
2406 4200 2883 4283 Montetignosi,
2914 4198 3381 4273 CastroveterO,
3404 4200 3584 4261 Mon-

1128 4295 1453 4376 tegabaro.
1497 4297 1854 4358 Mainectus
1897 4296 2118 4358 consul
2159 4298 2239 4357 de
2294 4298 2647 4359 Semifonte
2700 4296 2941 4359 arbiter
2994 4316 3074 4357 ex
3130 4299 3587 4375 compromisso

1127 4411 1316 4472 super
1356 4392 1799 4473 repetitionem
1843 4393 2230 4456 Collensium
2274 4396 2580 4456 adversus
2624 4396 2912 4457 homines
2954 4392 3177 4455 Sancti
3222 4392 3590 4457 Geminiani

1127 4490 1207 4551 de
1247 4490 1595 4564 colonibus,
1641 4493 1750 4568 qui
1795 4500 1947 4553 ante
1989 4511 2281 4571 guerram
2324 4492 2568 4553 Cosalie
2613 4498 2921 4553 venerant
2964 4493 3030 4552 in
3086 4492 3324 4571 oppido
3364 4490 3587 4554 Sancti

1127 4588 1508 4661 Geminiani,
1573 4588 1903 4667 [arbitror]
1935 4592 2000 4664 2),
2074 4592 2247 4666 quod
2311 4591 2575 4651 inantea
2634 4589 2875 4649 nullam
2946 4589 3425 4667 requisitionem
3493 4590 3586 4650 fa-

1275 4796 1316 4857 ¹)
1353 4794 1476 4843 Dan
1513 4796 1716 4845 Leuten
1755 4808 1858 4845 von
1895 4795 2142 4846 Mar-turi
2180 4797 2351 4857 (heuto
2375 4794 2760 4859 'Poqqibonei).
2911 4796 2954 4859 ¹¹)
2992 4794 3161 4845 fame.
