3817 5642
815 586 1262 643 REGESTUM
1301 588 1985 642 VOLATERRANUM
2526 590 2625 643 321

137 786 508 862 utriusque
549 786 971 845 conveniant·
959 833 972 856 ,
1073 784 1124 843 si
1177 786 1476 845 comunia
1531 784 1798 866 ἰθοθψῒ,
1853 784 2211 862 generalem
2254 786 2625 858 exercitum,

136 882 410 959 eligant
453 883 861 961 capitaneum
913 882 1268 959 generalem
1325 882 1424 943 vel
1481 882 1729 961 plures;
1825 884 2282 942 conventiones
2340 884 2631 943 iurentur

135 977 460 1056 quolibet
500 998 670 1039 anno
712 997 829 1055 per
881 984 1274 1056 potestatem
1328 985 1396 1040 et
1450 980 1892 1059 capitaneum
1990 980 2045 1039 si
2098 979 2240 1056 quis
2297 981 2631 1058 utriusque

137 1076 359 1136 fuerit
403 1074 802 1137 derobbatus
843 1078 908 1137 in
947 1074 1246 1137 districtu
1289 1077 1567 1145 alterius,
1613 1082 1900 1155 potestas
1942 1076 2078 1136 eius
2112 1074 2457 1154 compellat
2484 1075 2626 1137 rob-

140 1177 466 1237 batorcm
509 1176 594 1234 ad
631 1174 1130 1245 restitutionem,
1162 1174 1597 1253 cognoscendo
1638 1176 1773 1234 sine
1813 1174 2089 1251 strepitu
2120 1174 2361 1243 iudicii,
2403 1182 2469 1233 et·
2510 1194 2627 1251 pu-

141 1273 334 1342 niat;
449 1276 808 1347 potestates
858 1270 1197 1349 utriusque
1253 1288 1399 1330 cum
1455 1269 1775 1347 aliquibus
1837 1268 2239 1348 sapientibus
2294 1271 2361 1330 in
2418 1269 2629 1330 medio

141 1370 384 1430 martii
440 1368 527 1428 ad
581 1368 996 1429 tractandum
1050 1368 1133 1428 de
1184 1367 1514 1429 inferendo
1555 1368 1842 1445 dampno
1885 1368 2162 1428 inimicis
2202 1369 2625 1432 conveniant:

143 1466 338 1527 nulla
367 1466 734 1545 represallia
774 1466 1166 1528 concedatur
1190 1471 1416 1526 contra
1443 1468 1614 1526 cives
1654 1465 1952 1538 alterius3
2033 1466 2365 1543 pactiones
2391 1465 2627 1528 durent

145 1566 234 1625 ad
263 1564 340 1624 X
369 1582 606 1635 annos;
689 1584 820 1625 non
849 1564 1247 1643 preiudicent
1275 1564 1566 1625 societati
1595 1566 1760 1626 inter
1789 1583 2059 1625 comune
2088 1562 2229 1625 Sen.
2261 1570 2329 1625 et
2357 1584 2626 1626 comune

146 1662 350 1724 Mass.
399 1670 469 1723 et
507 1666 760 1739 partem
804 1660 1098 1721 Guelfam
1141 1660 1305 1730 Sen..
1349 1680 1464 1723 nec
1507 1662 1800 1721 societati
1839 1662 2012 1725 inter
2053 1681 2322 1723 comune
2350 1663 2527 1723 Vult.
2562 1669 2623 1723 et

147 1767 420 1836 partem
465 1759 760 1820 Guelfam
788 1778 898 1819 seu
928 1760 1356 1819 comunitates
1391 1758 1647 1830 Tuscie3
1691 1758 1902 1819 locum
1931 1778 2060 1821 non
2089 1758 2369 1821 habeant
2402 1765 2627 1821 contra

153 1858 380 1917 Pisam
409 1858 474 1933 ¹).
517 1857 585 1917 Si
623 1857 792 1916 inter
833 1874 1102 1917 comune
1143 1855 1315 1916 Vult.
1361 1856 1462 1915 vel
1505 1857 1692 1918 Mass.
1737 1860 1804 1917 et
1831 1855 2131 1916 dominos
2160 1854 2241 1917 de
2270 1855 2626 1919 Sassoforte

147 1962 326 2014 esset
375 1974 622 2033 guerra,
664 1959 965 2013 neutrum
1005 1954 1105 2013 his
1145 1954 1353 2033 pactis
1393 1960 1708 2014 teneatur.
1795 1954 1937 2013 Act.
1968 1954 2036 2015 in
2064 1960 2273 2015 castro
2317 1954 2623 2035 Ripoma-

149 2053 376 2111 rancie
417 2052 486 2111 in
513 2051 708 2112 domo
735 2051 1039 2111 comunis.
1123 2050 1390 2112 Alberto
1417 2056 1549 2113 not.
1581 2050 1688 2130 qd.
1719 2052 2080 2112 Alcheruoli
2129 2053 2209 2114 de
2248 2052 2424 2113 Vult.
2462 2054 2625 2115 Nuti

151 2149 258 2225 qd.
308 2148 512 2225 Righi
537 2147 619 2208 de
645 2148 874 2210 Massa.
907 2148 1209 2209 Rainerio
1235 2148 1341 2227 qd.
1372 2148 1785 2209 Provenzani.
1821 2148 2085 2210 Piacido
2120 2154 2249 2209 not.
2280 2148 2323 2209 f.
2355 2149 2616 2211 Prende.

149 2246 524 2307 Talavaczo
575 2248 680 2325 qd.
724 2246 998 2307 Simonis
1051 2247 1132 2307 de
1187 2246 1688 2325 Ripamarancia
1729 2252 1806 2307 tt.
1907 2245 2189 2308 Pax-isius
2245 2247 2625 2309 Bel-nardini

151 2352 290 2404 not.
339 2344 426 2405 de
472 2342 644 2406 Vult.
687 2344 882 2405 iudex
924 2344 1058 2405 ord.
1101 2351 1171 2405 et
1211 2350 1346 2405 not.

489 2442 748 2503 Florenz
775 2442 928 2503 Ast.
963 2443 1154 2517 (Volt.
1184 2442 1346 2505 1288
1372 2443 1453 2503 II
1479 2443 1537 2515 3,
1565 2464 1631 2505 n.
1661 2444 1846 2521 1216)
1883 2443 2057 2521 Oriq.
2108 2444 2244 2520 (auf
2282 2444 2623 2505 demselben

489 2541 858 2618 Perqament
897 2541 1014 2601 wie
1049 2560 1114 2601 π.
1158 2541 1323 2618 943).

157 2736 294 2795 945.
1597 2735 2081 2809 Μοηίεεοαάανί,
2125 2736 2165 2796 8
2206 2736 2401 2814 April
2442 2735 2619 2797 1289.

277 2834 520 2895 Bertus
561 2832 668 2911 qd.
713 2832 1041 2911 Raynaldi
1081 2838 1152 2893 et
1191 2832 1543 2896 Guidoetus
1582 2833 1627 2895 f.
1657 2834 1988 2895 Lamberti
2016 2834 2304 2896 consules
2332 2835 2642 2906 comuni*

157 2930 234 2989 de
277 2932 508 2992 Monte
564 2928 870 2992 Scudario
927 2949 1075 2990 cum
1129 2930 1498 2992 consiliariis
1550 2936 1620 2992 et
1671 2930 1856 2995 bonis
1913 2932 2277 2992 hominibus
2331 2933 2620 2993 comunis

159 3030 640 3090 constituerunt
679 3029 962 3090 Bindum
1006 3029 1354 3106 plebanum
1407 3029 1610 3109 plebis
1665 3050 1712 3091 s.
1754 3031 2063 3092 Iohannis
2120 3030 2200 3091 de
2258 3030 2621 3093 Casteliusti

159 3124 478 3186 sindicum
521 3127 810 3186 comunis
849 3145 1063 3187 coram
1107 3125 1529 3204 Raynerio
1584 3146 1682 3204 ep.
1727 3127 1901 3188 Vult.
1949 3127 2032 3188 ad
2086 3124 2467 3189 solutionem
2513 3148 2623 3188 ex-

156 3222 756 3283 communicationis
797 3224 880 3283 ab
921 3244 1018 3302 ep.
1067 3224 1170 3283 vel
1201 3224 1334 3284 eius
1365 3224 1608 3285 sindico
1635 3224 1779 3285 late.
1863 3225 2007 3285 Act.
2036 3226 2262 3286 Monte
2312 3225 2621 3287 Seudario

159 3320 224 3379 in
266 3322 380 3381 via
421 3321 684 3399 publica
719 3340 910 3400 super
951 3328 1298 3400 anteportu
1339 3323 1530 3383 ianue
1567 3341 1736 3383 nove
1791 3323 1953 3384 dicti
2004 3324 2216 3385 castri.
2314 3322 2620 3396 MCCXC,

161 3418 285 3479 ind.
331 3418 557 3499 [11]²)‚
599 3418 698 3481 VI
739 3420 821 3481 id.
866 3440 998 3499 apr.
1043 3421 1394 3482 secundum
1437 3420 1700 3481 modum
1743 3422 2148 3493 notariorum
2192 3423 2423 3483 Pisano
2470 3422 2621 3483 civi·

159 3518 331 3576 tatis.
421 3517 700 3579 Blancus
738 3516 782 3578 f.
825 3516 1159 3579 Lamberti
1197 3517 1418 3578 Nibbii
1457 3518 1539 3579 de
1578 3517 1800 3579 Monte
1841 3519 2147 3581 Scudario
2188 3525 2324 3580 not.

491 3615 651 3675 Volt.
699 3616 932 3677 AVeec.
976 3635 1025 3676 ε.
1071 3614 1260 3675 XIII
1302 3616 1422 3675 dec.
1469 3616 1508 3675 9
1547 3635 1610 3674 n.
1662 3615 1735 3675 71
1777 3614 1952 3694 Oriq.

170 3808 300 3869 946.
1423 3808 1698 3881 Florenz,
1729 3810 1769 3871 3
1810 3810 1943 3871 und
1984 3812 2022 3871 4
2068 3812 2399 3871 Novem-ber
2440 3811 2617 3871 1289.

277 3906 624 3968 Processus
649 3913 800 3968 ante
829 3906 1173 3988 Rogerium
1203 3928 1341 3968 can.
1375 3906 1833 3981 Florentinum,
1865 3908 2353 3988 subdelegatum
2386 3910 2616 3987 Uguic-

307 4088 353 4152 ¹)
391 4087 498 4137 Dio
533 4088 863 4137 Neutralitdt
898 4089 1194 4150 qeqem’iber
1229 4088 1386 4147 Pisa,
1423 4104 1592 4151 qeqen
1627 4090 1730 4138 das
1766 4090 1945 4151 Papst
1992 4088 2259 4137 Nicotaus
2307 4088 2341 4137 1
2354 4088 2396 4137 V
2436 4102 2617 4149 weyers

169 4174 579 4239 Bequmtiqunq
625 4177 717 4225 des
763 4177 974 4226 damals
1021 4192 1145 4227 zum
1197 4178 1412 4227 zweiten
1467 4177 1621 4227 Male
1677 4178 2228 4227 exkommunizierten
2284 4178 2457 4226 Guido
2514 4192 2619 4225 von

169 4262 428 4327 Momjort
478 4264 536 4328 (7
570 4265 738 4327 April
775 4268 930 4324 1289,
970 4266 1229 4329 Lanqlois
1265 4282 1318 4316 n.
1360 4266 1524 4331 2174)
1563 4266 1721 4316 einen
1764 4268 1994 4316 Prozess
2042 4267 2265 4328 erdffnet
2314 4266 2471 4325 hatte,
2510 4273 2621 4315 ent·

169 4354 358 4410 smero
391 4354 484 4404 aa·
519 4353 724 4403 Paucae
767 4354 1045 4404 Vocem.
1119 4354 1226 4404 me
1279 4355 1636 4418 Gtaelseraiqa,
1674 4356 1762 4404 die
1818 4356 1921 4415 auf
1967 4338 2060 4404 dor
2106 4355 2448 4405 Βαηαωαισιε
2497 4369 2615 4404 vom

173 4440 200 4485 8
235 4441 476 4491 Februar-
513 4442 648 4491 1281
688 4442 914 4503 ber-uhu,
949 4444 1128 4493 warde
1165 4458 1256 4493 am
1293 4446 1361 4494 28
1399 4446 1560 4494 Mdv-z
1595 4446 1732 4494 1:287
1760 4443 2101 4508 (Davideohn
2124 4443 2507 4507 For-schamen
2540 4444 2613 4493 ΙΙ

173 4530 264 4577 22¹7·
299 4546 358 4580 η.
399 4531 563 4595 1700)
601 4532 716 4581 und
757 4534 784 4580 7
822 4531 1044 4581 Oktober
1081 4534 1218 4582 1289
1255 4540 1493 4582 emouere
1528 4535 1644 4583 und
1691 4533 1858 4582 durch
1895 4532 2209 4593 Aufmhmc
2258 4532 2351 4582 der
2389 4532 2615 4593 Guelsen

173 4631 264 4667 von
295 4620 496 4669 Areae
533 4620 776 4682 qando-kt.
817 4620 888 4669 M
887 4636 1016 4669 assa
1051 4622 1256 4683 achtine
1291 4622 1379 4670 ihr
1415 4622 1564 4671 nicht
1599 4622 1947 4671 unmittelbar
1981 4636 2076 4680 an,
2114 4636 2225 4670 war
2272 4619 2398 4671 aber
2445 4620 2612 4671 durch

171 4706 246 4755 die
287 4708 541 4771 Vertrdqe
577 4723 695 4758 vom
733 4711 800 4759 :25
837 4709 1003 4771 April
1040 4712 1177 4759 1276
1203 4711 1517 4773 vollstcindiq
1545 4718 1697 4759 unter
1721 4710 1925 4759 Sienas
1952 4710 2356 4771 Vorherrschalt
2381 4718 2609 4773 aoraton.

175 4794 214 4855 ²)
247 4798 386 4847 Zau
419 4800 646 4848 unum.

377 4978 438 5025 21
