<?xml version="1.0" encoding="UTF-8"?>
<!DOCTYPE html PUBLIC "-//W3C//DTD XHTML 1.0 Transitional//EN"
    "http://www.w3.org/TR/xhtml1/DTD/xhtml1-transitional.dtd">
<html xmlns="http://www.w3.org/1999/xhtml" xml:lang="en" lang="en">
 <head>
  <title>
</title>
<meta http-equiv="Content-Type" content="text/html;charset=utf-8" />
  <meta name='ocr-system' content='tesseract 3.04.00' />
  <meta name='ocr-capabilities' content='ocr_page ocr_carea ocr_par ocr_line ocrx_word'/>
</head>
<body>
  <div class='ocr_page' id='page_1' title='image "./regestumvolater00schngoog_0079.png"; bbox 0 0 3817 5642; ppageno 0'>
   <div class='ocr_carea' id='block_1_1' title="bbox 951 537 2773 596">
    <p class='ocr_par' dir='ltr' id='par_1_1' title="bbox 951 537 2773 596">
     <span class='ocr_line' id='line_1_1' title="bbox 951 537 2773 596; baseline 0.001 -2"><span class='ocrx_word' id='word_1_1' title='bbox 951 537 1396 595; x_wconf 77' lang='lat' dir='ltr'><strong>REGESTUM</strong></span> <span class='ocrx_word' id='word_1_2' title='bbox 1431 539 2119 596; x_wconf 75' lang='lat' dir='ltr'>VOLATERRANUM</span> <span class='ocrx_word' id='word_1_3' title='bbox 2708 546 2773 596; x_wconf 89' lang='lat'><strong>15</strong></span> 
     </span>
    </p>
   </div>
   <div class='ocr_carea' id='block_1_2' title="bbox 297 733 2775 1789">
    <p class='ocr_par' dir='ltr' id='par_1_2' title="bbox 297 733 2775 1789">
     <span class='ocr_line' id='line_1_2' title="bbox 307 733 2775 814; baseline 0 -19"><span class='ocrx_word' id='word_1_4' title='bbox 307 737 518 813; x_wconf 84' lang='lat' dir='ltr'><strong>pretio</strong></span> <span class='ocrx_word' id='word_1_5' title='bbox 559 754 691 814; x_wconf 78' lang='lat' dir='ltr'><strong>arg.</strong></span> <span class='ocrx_word' id='word_1_6' title='bbox 735 734 849 795; x_wconf 88' lang='lat' dir='ltr'><strong>sol.</strong></span> <span class='ocrx_word' id='word_1_7' title='bbox 895 733 1350 812; x_wconf 74' lang='lat' dir='ltr'>quatuorcenti</span> <span class='ocrx_word' id='word_1_8' title='bbox 1375 753 1557 794; x_wconf 75' lang='lat' dir='ltr'><strong>casas</strong></span> <span class='ocrx_word' id='word_1_9' title='bbox 1600 739 1666 794; x_wconf 87' lang='lat' dir='ltr'><strong>et</strong></span> <span class='ocrx_word' id='word_1_10' title='bbox 1709 753 1810 794; x_wconf 88' lang='lat' dir='ltr'><strong>res</strong></span> <span class='ocrx_word' id='word_1_11' title='bbox 1853 735 2027 796; x_wconf 76' lang='lat' dir='ltr'><strong>iusta</strong></span> <span class='ocrx_word' id='word_1_12' title='bbox 2068 735 2289 796; x_wconf 87' lang='lat' dir='ltr'><strong>Monte</strong></span> <span class='ocrx_word' id='word_1_13' title='bbox 2321 735 2665 808; x_wconf 76' lang='lat' dir='ltr'><strong>Vultrario,</strong></span> <span class='ocrx_word' id='word_1_14' title='bbox 2710 735 2775 796; x_wconf 90' lang='lat' dir='ltr'>X</span> 
     </span>
     <span class='ocr_line' id='line_1_3' title="bbox 305 829 2773 912; baseline 0 -20"><span class='ocrx_word' id='word_1_15' title='bbox 305 852 388 892; x_wconf 87' lang='lat' dir='ltr'><strong>ex</strong></span> <span class='ocrx_word' id='word_1_16' title='bbox 428 833 586 911; x_wconf 81' lang='lat' dir='ltr'><strong>ipsis</strong></span> <span class='ocrx_word' id='word_1_17' title='bbox 627 833 800 893; x_wconf 72' lang='lat' dir='ltr'><strong>iusta</strong></span> <span class='ocrx_word' id='word_1_18' title='bbox 842 836 1080 902; x_wconf 87' lang='lat' dir='ltr'><strong>monte,</strong></span> <span class='ocrx_word' id='word_1_19' title='bbox 1127 831 1160 892; x_wconf 99' lang='grc' dir='ltr'><strong>Ι</strong></span> <span class='ocrx_word' id='word_1_20' title='bbox 1203 835 1379 892; x_wconf 79' lang='lat' dir='ltr'><strong>reeta</strong></span> <span class='ocrx_word' id='word_1_21' title='bbox 1419 829 1546 892; x_wconf 81' lang='lat' dir='ltr'><strong>fuit</strong></span> <span class='ocrx_word' id='word_1_22' title='bbox 1588 849 1702 910; x_wconf 87' lang='lat' dir='ltr'><strong>per</strong></span> <span class='ocrx_word' id='word_1_23' title='bbox 1755 829 2056 892; x_wconf 79' lang='lat' dir='ltr'><strong>Deodato</strong></span> <span class='ocrx_word' id='word_1_24' title='bbox 2114 851 2327 904; x_wconf 68' lang='lat' dir='ltr'><strong>mass„</strong></span> <span class='ocrx_word' id='word_1_25' title='bbox 2388 831 2457 892; x_wconf 94' lang='lat' dir='ltr'><strong>II</strong></span> <span class='ocrx_word' id='word_1_26' title='bbox 2506 852 2619 912; x_wconf 88' lang='lat' dir='ltr'><strong>per</strong></span> <span class='ocrx_word' id='word_1_27' title='bbox 2674 831 2773 893; x_wconf 91' lang='lat' dir='ltr'><strong>Io-</strong></span> 
     </span>
     <span class='ocr_line' id='line_1_4' title="bbox 303 911 2771 1010; baseline 0.001 -20"><span class='ocrx_word' id='word_1_28' title='bbox 303 930 526 1001; x_wconf 70' lang='lat' dir='ltr'><strong>hanni,</strong></span> <span class='ocrx_word' id='word_1_29' title='bbox 572 929 678 991; x_wconf 95' lang='grc' dir='ltr'><strong>ΙΙΙ</strong></span> <span class='ocrx_word' id='word_1_30' title='bbox 719 949 834 1008; x_wconf 91' lang='lat' dir='ltr'><strong>per</strong></span> <span class='ocrx_word' id='word_1_31' title='bbox 873 927 1000 990; x_wconf 81' lang='lat' dir='ltr'><strong>alio</strong></span> <span class='ocrx_word' id='word_1_32' title='bbox 1041 911 1338 999; x_wconf 76' lang='lat' dir='ltr'><strong>Iohanni,</strong></span> <span class='ocrx_word' id='word_1_33' title='bbox 1371 927 1512 990; x_wconf 91' lang='lat' dir='ltr'>IIII</span> <span class='ocrx_word' id='word_1_34' title='bbox 1541 933 1608 988; x_wconf 88' lang='lat' dir='ltr'><strong>et</strong></span> <span class='ocrx_word' id='word_1_35' title='bbox 1637 929 1696 990; x_wconf 92' lang='lat' dir='ltr'>V</span> <span class='ocrx_word' id='word_1_36' title='bbox 1724 947 1837 1008; x_wconf 88' lang='lat' dir='ltr'><strong>per</strong></span> <span class='ocrx_word' id='word_1_37' title='bbox 1865 927 2167 1003; x_wconf 79' lang='lat' dir='ltr'><strong>Martiae,</strong></span> <span class='ocrx_word' id='word_1_38' title='bbox 2198 928 2292 992; x_wconf 93' lang='lat' dir='ltr'><strong>VI</strong></span> <span class='ocrx_word' id='word_1_39' title='bbox 2322 949 2433 1010; x_wconf 74' lang='lat' dir='ltr'><strong>per</strong></span> <span class='ocrx_word' id='word_1_40' title='bbox 2468 929 2771 1004; x_wconf 82' lang='lat' dir='ltr'><strong>Ainardo,</strong></span> 
     </span>
     <span class='ocr_line' id='line_1_5' title="bbox 306 1027 2771 1108; baseline 0 -19"><span class='ocrx_word' id='word_1_41' title='bbox 306 1029 440 1090; x_wconf 86' lang='lat' dir='ltr'><strong>VII</strong></span> <span class='ocrx_word' id='word_1_42' title='bbox 480 1049 594 1108; x_wconf 88' lang='lat' dir='ltr'><strong>per</strong></span> <span class='ocrx_word' id='word_1_43' title='bbox 633 1031 916 1100; x_wconf 76' lang='lat' dir='ltr'><strong>Donate,</strong></span> <span class='ocrx_word' id='word_1_44' title='bbox 961 1028 1129 1089; x_wconf 91' lang='lat' dir='ltr'><strong>VIII</strong></span> <span class='ocrx_word' id='word_1_45' title='bbox 1169 1047 1284 1107; x_wconf 85' lang='lat' dir='ltr'><strong>per</strong></span> <span class='ocrx_word' id='word_1_46' title='bbox 1324 1028 1558 1100; x_wconf 85' lang='lat' dir='ltr'><strong>Benz0,</strong></span> <span class='ocrx_word' id='word_1_47' title='bbox 1604 1027 1809 1089; x_wconf 94' lang='lat' dir='ltr'>VIIII</span> <span class='ocrx_word' id='word_1_48' title='bbox 1849 1047 1964 1106; x_wconf 86' lang='lat' dir='ltr'><strong>per</strong></span> <span class='ocrx_word' id='word_1_49' title='bbox 1992 1027 2141 1100; x_wconf 79' lang='lat' dir='ltr'><strong>Len,</strong></span> <span class='ocrx_word' id='word_1_50' title='bbox 2174 1029 2239 1090; x_wconf 91' lang='lat' dir='ltr'>X</span> <span class='ocrx_word' id='word_1_51' title='bbox 2269 1048 2381 1108; x_wconf 88' lang='lat' dir='ltr'><strong>per</strong></span> <span class='ocrx_word' id='word_1_52' title='bbox 2408 1028 2771 1108; x_wconf 79' lang='lat' dir='ltr'><strong>Leopardo;</strong></span> 
     </span>
     <span class='ocr_line' id='line_1_6' title="bbox 303 1125 2769 1206; baseline 0 -19"><span class='ocrx_word' id='word_1_53' title='bbox 303 1127 436 1187; x_wconf 88' lang='lat' dir='ltr'><strong>XI·</strong></span> <span class='ocrx_word' id='word_1_54' title='bbox 439 1127 610 1188; x_wconf 87' lang='lat' dir='ltr'><strong>XV</strong></span> <span class='ocrx_word' id='word_1_55' title='bbox 593 1147 662 1188; x_wconf 89' lang='lat' dir='ltr'><strong>m</strong></span> <span class='ocrx_word' id='word_1_56' title='bbox 688 1125 925 1197; x_wconf 76' lang='lat' dir='ltr'><strong>Seruio,</strong></span> <span class='ocrx_word' id='word_1_57' title='bbox 957 1131 1086 1187; x_wconf 85' lang='lat' dir='ltr'><strong>tres</strong></span> <span class='ocrx_word' id='word_1_58' title='bbox 1113 1133 1286 1187; x_wconf 86' lang='lat' dir='ltr'><strong>reete</strong></span> <span class='ocrx_word' id='word_1_59' title='bbox 1318 1126 1580 1187; x_wconf 78' lang='lat' dir='ltr'><strong>fuerunt</strong></span> <span class='ocrx_word' id='word_1_60' title='bbox 1610 1144 1722 1205; x_wconf 86' lang='lat' dir='ltr'><strong>per</strong></span> <span class='ocrx_word' id='word_1_61' title='bbox 1750 1128 2099 1198; x_wconf 80' lang='lat' dir='ltr'><strong>Arimuti0,</strong></span> <span class='ocrx_word' id='word_1_62' title='bbox 2130 1125 2274 1189; x_wconf 93' lang='lat' dir='ltr'>IIII</span> <span class='ocrx_word' id='word_1_63' title='bbox 2302 1146 2415 1206; x_wconf 89' lang='lat' dir='ltr'><strong>per</strong></span> <span class='ocrx_word' id='word_1_64' title='bbox 2442 1127 2769 1200; x_wconf 78' lang='lat' dir='ltr'>Laurenti,</span> 
     </span>
     <span class='ocr_line' id='line_1_7' title="bbox 303 1222 2772 1304; baseline 0.001 -20"><span class='ocrx_word' id='word_1_65' title='bbox 303 1223 364 1284; x_wconf 82' lang='lat' dir='ltr'>V</span> <span class='ocrx_word' id='word_1_66' title='bbox 405 1243 520 1304; x_wconf 85' lang='lat' dir='ltr'><strong>per</strong></span> <span class='ocrx_word' id='word_1_67' title='bbox 544 1225 798 1297; x_wconf 83' lang='lat' dir='ltr'><strong>Uuillo;</strong></span> <span class='ocrx_word' id='word_1_68' title='bbox 841 1223 1003 1286; x_wconf 90' lang='lat' dir='ltr'><strong>XVI</strong></span> <span class='ocrx_word' id='word_1_69' title='bbox 1031 1229 1096 1284; x_wconf 89' lang='lat' dir='ltr'><strong>et</strong></span> <span class='ocrx_word' id='word_1_70' title='bbox 1125 1223 1369 1284; x_wconf 88' lang='lat' dir='ltr'>XVII</span> <span class='ocrx_word' id='word_1_71' title='bbox 1351 1243 1420 1284; x_wconf 93' lang='grc' dir='ltr'><strong>ιιι</strong></span> <span class='ocrx_word' id='word_1_72' title='bbox 1445 1223 1586 1284; x_wconf 86' lang='lat' dir='ltr'><strong>loco</strong></span> <span class='ocrx_word' id='word_1_73' title='bbox 1614 1225 1724 1302; x_wconf 91' lang='lat' dir='ltr'><strong>qui</strong></span> <span class='ocrx_word' id='word_1_74' title='bbox 1769 1223 1965 1284; x_wconf 88' lang='lat' dir='ltr'><strong>modo</strong></span> <span class='ocrx_word' id='word_1_75' title='bbox 2006 1243 2145 1284; x_wconf 83' lang='lat' dir='ltr'><strong>voe.</strong></span> <span class='ocrx_word' id='word_1_76' title='bbox 2190 1222 2501 1286; x_wconf 87' lang='lat' dir='ltr'><strong>Sohiuto¹</strong></span> <span class='ocrx_word' id='word_1_77' title='bbox 2516 1229 2557 1302; x_wconf 83' lang='lat'><strong>),</strong></span> <span class='ocrx_word' id='word_1_78' title='bbox 2599 1231 2772 1286; x_wconf 84' lang='lat' dir='ltr'><strong>reete</strong></span> 
     </span>
     <span class='ocr_line' id='line_1_8' title="bbox 301 1321 2771 1400; baseline 0 -18"><span class='ocrx_word' id='word_1_79' title='bbox 301 1342 418 1400; x_wconf 88' lang='lat' dir='ltr'><strong>per</strong></span> <span class='ocrx_word' id='word_1_80' title='bbox 447 1322 724 1384; x_wconf 78' lang='lat' dir='ltr'>Iohanni</span> <span class='ocrx_word' id='word_1_81' title='bbox 751 1327 818 1383; x_wconf 83' lang='lat' dir='ltr'><strong>et</strong></span> <span class='ocrx_word' id='word_1_82' title='bbox 838 1321 1070 1383; x_wconf 89' lang='lat' dir='ltr'><strong>Veneri</strong></span> <span class='ocrx_word' id='word_1_83' title='bbox 1089 1343 1103 1394; x_wconf 92' lang='grc'><strong>;</strong></span> <span class='ocrx_word' id='word_1_84' title='bbox 1125 1341 1268 1400; x_wconf 89' lang='lat' dir='ltr'><strong>pen.</strong></span> <span class='ocrx_word' id='word_1_85' title='bbox 1295 1341 1428 1400; x_wconf 81' lang='lat' dir='ltr'><strong>arg.</strong></span> <span class='ocrx_word' id='word_1_86' title='bbox 1453 1321 1566 1382; x_wconf 82' lang='lat' dir='ltr'><strong>sol.</strong></span> <span class='ocrx_word' id='word_1_87' title='bbox 1591 1323 2103 1399; x_wconf 77' lang='lat' dir='ltr'><strong>quantuoroenti.</strong></span> <span class='ocrx_word' id='word_1_88' title='bbox 2130 1322 2271 1382; x_wconf 84' lang='lat' dir='ltr'><strong>Act.</strong></span> <span class='ocrx_word' id='word_1_89' title='bbox 2302 1323 2479 1383; x_wconf 87' lang='lat' dir='ltr'><strong>intus</strong></span> <span class='ocrx_word' id='word_1_90' title='bbox 2508 1323 2771 1384; x_wconf 77' lang='lat' dir='ltr'><strong>castello</strong></span> 
     </span>
     <span class='ocr_line' id='line_1_9' title="bbox 299 1417 2765 1500; baseline 0.001 -20"><span class='ocrx_word' id='word_1_91' title='bbox 299 1420 387 1480; x_wconf 83' lang='lat' dir='ltr'><strong>de</strong></span> <span class='ocrx_word' id='word_1_92' title='bbox 427 1419 755 1500; x_wconf 75' lang='lat' dir='ltr'><strong>Mugnano</strong></span> <span class='ocrx_word' id='word_1_93' title='bbox 780 1421 1120 1482; x_wconf 86' lang='lat' dir='ltr'><strong>terreturio</strong></span> <span class='ocrx_word' id='word_1_94' title='bbox 1146 1420 1476 1481; x_wconf 74' lang='lat' dir='ltr'><strong>VulterriS.</strong></span> <span class='ocrx_word' id='word_1_95' title='bbox 1564 1417 1626 1478; x_wconf 91' lang='lat' dir='ltr'><strong>S.</strong></span> <span class='ocrx_word' id='word_1_96' title='bbox 1661 1438 1745 1478; x_wconf 91' lang='lat' dir='ltr'><strong>m.</strong></span> <span class='ocrx_word' id='word_1_97' title='bbox 1779 1418 2101 1480; x_wconf 87' lang='lat' dir='ltr'><strong>Guinildo.</strong></span> <span class='ocrx_word' id='word_1_98' title='bbox 2135 1419 2363 1480; x_wconf 81' lang='lat' dir='ltr'><strong>Petrus</strong></span> <span class='ocrx_word' id='word_1_99' title='bbox 2392 1419 2584 1482; x_wconf 79' lang='lat' dir='ltr'><strong>iudex</strong></span> <span class='ocrx_word' id='word_1_100' title='bbox 2612 1420 2765 1500; x_wconf 89' lang='lat' dir='ltr'><strong>imp.</strong></span> 
     </span>
     <span class='ocr_line' id='line_1_10' title="bbox 299 1516 2765 1580; baseline 0.001 -2"><span class='ocrx_word' id='word_1_101' title='bbox 299 1537 386 1578; x_wconf 86' lang='lat' dir='ltr'><strong>ss.</strong></span> <span class='ocrx_word' id='word_1_102' title='bbox 432 1518 720 1579; x_wconf 76' lang='lat' dir='ltr'><strong>Berardo</strong></span> <span class='ocrx_word' id='word_1_103' title='bbox 759 1525 895 1578; x_wconf 90' lang='lat' dir='ltr'><strong>not.</strong></span> <span class='ocrx_word' id='word_1_104' title='bbox 941 1523 1020 1578; x_wconf 83' lang='lat' dir='ltr'><strong>tt.</strong></span> <span class='ocrx_word' id='word_1_105' title='bbox 1079 1517 1431 1578; x_wconf 78' lang='lat' dir='ltr'><strong>Adalberto</strong></span> <span class='ocrx_word' id='word_1_106' title='bbox 1480 1523 1560 1577; x_wconf 83' lang='lat' dir='ltr'><strong>tt.</strong></span> <span class='ocrx_word' id='word_1_107' title='bbox 1622 1517 1945 1577; x_wconf 80' lang='lat' dir='ltr'><strong>Berardus</strong></span> <span class='ocrx_word' id='word_1_108' title='bbox 1998 1521 2078 1576; x_wconf 87' lang='lat' dir='ltr'><strong>tt.</strong></span> <span class='ocrx_word' id='word_1_109' title='bbox 2134 1516 2436 1578; x_wconf 88' lang='lat' dir='ltr'><strong>Albertus</strong></span> <span class='ocrx_word' id='word_1_110' title='bbox 2490 1525 2625 1580; x_wconf 88' lang='lat' dir='ltr'><strong>not.</strong></span> <span class='ocrx_word' id='word_1_111' title='bbox 2684 1524 2765 1580; x_wconf 91' lang='lat' dir='ltr'><strong>tt.</strong></span> 
     </span>
     <span class='ocr_line' id='line_1_11' title="bbox 297 1613 1518 1692; baseline -0.002 -16"><span class='ocrx_word' id='word_1_112' title='bbox 297 1615 517 1676; x_wconf 86' lang='lat' dir='ltr'><strong>Uuille</strong></span> <span class='ocrx_word' id='word_1_113' title='bbox 545 1619 590 1692; x_wconf 89' lang='lat'><strong>¹)</strong></span> <span class='ocrx_word' id='word_1_114' title='bbox 633 1619 713 1674; x_wconf 87' lang='lat' dir='ltr'><strong>tt.</strong></span> <span class='ocrx_word' id='word_1_115' title='bbox 759 1633 840 1674; x_wconf 84' lang='lat' dir='ltr'><strong>ss.</strong></span> <span class='ocrx_word' id='word_1_116' title='bbox 927 1613 1344 1675; x_wconf 81' lang='lat' dir='ltr'><strong>Raimbertus</strong></span> <span class='ocrx_word' id='word_1_117' title='bbox 1383 1619 1518 1674; x_wconf 88' lang='lat' dir='ltr'><strong>not.</strong></span> 
     </span>
     <span class='ocr_line' id='line_1_12' title="bbox 635 1709 1880 1789; baseline -0.001 -16"><span class='ocrx_word' id='word_1_118' title='bbox 635 1712 790 1774; x_wconf 79' lang='lat' dir='ltr'><strong>Volt.</strong></span> <span class='ocrx_word' id='word_1_119' title='bbox 838 1710 1078 1773; x_wconf 75' lang='lat' dir='ltr'><strong>AVeso.</strong></span> <span class='ocrx_word' id='word_1_120' title='bbox 1120 1730 1172 1771; x_wconf 75' lang='grc' dir='ltr'><strong>ε.</strong></span> <span class='ocrx_word' id='word_1_121' title='bbox 1203 1709 1268 1772; x_wconf 87' lang='lat' dir='ltr'>X</span> <span class='ocrx_word' id='word_1_122' title='bbox 1308 1711 1433 1772; x_wconf 79' lang='lat' dir='ltr'><strong>dec.</strong></span> <span class='ocrx_word' id='word_1_123' title='bbox 1464 1711 1504 1772; x_wconf 89' lang='lat'><strong><em>6</em></strong></span> <span class='ocrx_word' id='word_1_124' title='bbox 1545 1732 1607 1772; x_wconf 81' lang='lat' dir='ltr'><strong>n.</strong></span> <span class='ocrx_word' id='word_1_125' title='bbox 1640 1713 1679 1772; x_wconf 76' lang='lat'><strong><em>4</em></strong></span> <span class='ocrx_word' id='word_1_126' title='bbox 1707 1711 1880 1789; x_wconf 74' lang='lat' dir='ltr'><strong>Oriy.</strong></span> 
     </span>
    </p>
   </div>
   <div class='ocr_carea' id='block_1_3' title="bbox 295 1907 2761 1986">
    <p class='ocr_par' dir='ltr' id='par_1_3' title="bbox 295 1907 2761 1986">
     <span class='ocr_line' id='line_1_13' title="bbox 295 1907 2761 1986; baseline 0.001 -19"><span class='ocrx_word' id='word_1_127' title='bbox 295 1907 401 1968; x_wconf 83' lang='lat'><strong>47.</strong></span> <span class='ocrx_word' id='word_1_128' title='bbox 1815 1907 2113 1980; x_wconf 63' lang='lat' dir='ltr'><strong>Veneri-a,</strong></span> <span class='ocrx_word' id='word_1_129' title='bbox 2158 1907 2199 1969; x_wconf 82' lang='lat'><strong><em>5</em></strong></span> <span class='ocrx_word' id='word_1_130' title='bbox 2237 1907 2584 1986; x_wconf 65' lang='lat' dir='ltr'><strong>September</strong></span> <span class='ocrx_word' id='word_1_131' title='bbox 2622 1909 2761 1972; x_wconf 82' lang='lat'><strong>970.</strong></span> 
     </span>
    </p>
   </div>
   <div class='ocr_carea' id='block_1_4' title="bbox 281 2003 2799 3640">
    <p class='ocr_par' dir='ltr' id='par_1_4' title="bbox 281 2003 2799 3252">
     <span class='ocr_line' id='line_1_14' title="bbox 423 2003 2761 2083; baseline 0.001 -18"><span class='ocrx_word' id='word_1_132' title='bbox 423 2003 632 2066; x_wconf 89' lang='lat' dir='ltr'><strong>Otto</strong></span> <span class='ocrx_word' id='word_1_133' title='bbox 613 2023 746 2083; x_wconf 81' lang='lat' dir='ltr'><strong>inp.</strong></span> <span class='ocrx_word' id='word_1_134' title='bbox 776 2024 834 2065; x_wconf 85' lang='grc'><strong>8.</strong></span> <span class='ocrx_word' id='word_1_135' title='bbox 865 2003 1069 2068; x_wconf 88' lang='lat' dir='ltr'>VIIII</span> <span class='ocrx_word' id='word_1_136' title='bbox 1097 2010 1165 2065; x_wconf 90' lang='lat' dir='ltr'><strong>et</strong></span> <span class='ocrx_word' id='word_1_137' title='bbox 1194 2003 1355 2065; x_wconf 82' lang='lat' dir='ltr'><strong>ott-o</strong></span> <span class='ocrx_word' id='word_1_138' title='bbox 1395 2003 1440 2064; x_wconf 83' lang='lat' dir='ltr'><strong>f.</strong></span> <span class='ocrx_word' id='word_1_139' title='bbox 1485 2006 1620 2066; x_wconf 85' lang='lat' dir='ltr'><strong>eius</strong></span> <span class='ocrx_word' id='word_1_140' title='bbox 1664 2003 1833 2065; x_wconf 90' lang='lat' dir='ltr'><strong>idem</strong></span> <span class='ocrx_word' id='word_1_141' title='bbox 1875 2005 2005 2083; x_wconf 90' lang='lat' dir='ltr'><strong>inp.</strong></span> <span class='ocrx_word' id='word_1_142' title='bbox 2038 2025 2095 2065; x_wconf 80' lang='grc'><strong>8.</strong></span> <span class='ocrx_word' id='word_1_143' title='bbox 2130 2005 2255 2078; x_wconf 91' lang='grc' dir='ltr'><strong>ΙΙΙ,</strong></span> <span class='ocrx_word' id='word_1_144' title='bbox 2289 2005 2553 2083; x_wconf 82' lang='lat' dir='ltr'><strong>quintas</strong></span> <span class='ocrx_word' id='word_1_145' title='bbox 2588 2012 2761 2080; x_wconf 70' lang='lat' dir='ltr'><strong>set-t„</strong></span> 
     </span>
     <span class='ocr_line' id='line_1_15' title="bbox 293 2101 2761 2184; baseline 0.001 -21"><span class='ocrx_word' id='word_1_146' title='bbox 293 2102 432 2163; x_wconf 89' lang='lat' dir='ltr'><strong>ind.</strong></span> <span class='ocrx_word' id='word_1_147' title='bbox 457 2101 654 2164; x_wconf 91' lang='lat' dir='ltr'>XIII.</span> <span class='ocrx_word' id='word_1_148' title='bbox 738 2101 1024 2164; x_wconf 85' lang='lat' dir='ltr'><strong>Gundo</strong></span> <span class='ocrx_word' id='word_1_149' title='bbox 1065 2101 1407 2163; x_wconf 77' lang='lat' dir='ltr'><strong>archidiae.</strong></span> <span class='ocrx_word' id='word_1_150' title='bbox 1437 2120 1686 2180; x_wconf 85' lang='lat' dir='ltr'><strong>propos.</strong></span> <span class='ocrx_word' id='word_1_151' title='bbox 1719 2121 1768 2162; x_wconf 89' lang='lat' dir='ltr'><strong>s.</strong></span> <span class='ocrx_word' id='word_1_152' title='bbox 1795 2101 2149 2164; x_wconf 76' lang='lat' dir='ltr'><strong>Obtabiani</strong></span> <span class='ocrx_word' id='word_1_153' title='bbox 2175 2104 2347 2164; x_wconf 82' lang='lat' dir='ltr'><strong>iusta</strong></span> <span class='ocrx_word' id='word_1_154' title='bbox 2374 2103 2605 2164; x_wconf 87' lang='lat' dir='ltr'><strong>domus</strong></span> <span class='ocrx_word' id='word_1_155' title='bbox 2631 2105 2761 2184; x_wconf 89' lang='lat' dir='ltr'><strong>epi-</strong></span> 
     </span>
     <span class='ocr_line' id='line_1_16' title="bbox 291 2199 2762 2280; baseline 0 -18"><span class='ocrx_word' id='word_1_156' title='bbox 291 2206 606 2280; x_wconf 77' lang='lat' dir='ltr'><strong>scopatus</strong></span> <span class='ocrx_word' id='word_1_157' title='bbox 644 2221 694 2262; x_wconf 87' lang='lat' dir='ltr'><strong>s.</strong></span> <span class='ocrx_word' id='word_1_158' title='bbox 737 2199 938 2262; x_wconf 73' lang='lat' dir='ltr'><strong>Mario</strong></span> <span class='ocrx_word' id='word_1_159' title='bbox 977 2220 1092 2280; x_wconf 89' lang='lat' dir='ltr'><strong>per</strong></span> <span class='ocrx_word' id='word_1_160' title='bbox 1131 2219 1509 2262; x_wconf 69' lang='lat' dir='ltr'><strong>consensum</strong></span> <span class='ocrx_word' id='word_1_161' title='bbox 1549 2202 1961 2262; x_wconf 73' lang='lat' dir='ltr'><strong>sacerdotum</strong></span> <span class='ocrx_word' id='word_1_162' title='bbox 1996 2221 2135 2262; x_wconf 81' lang='lat' dir='ltr'><strong>ean.</strong></span> <span class='ocrx_word' id='word_1_163' title='bbox 2165 2201 2441 2262; x_wconf 75' lang='lat' dir='ltr'><strong>fratrum</strong></span> <span class='ocrx_word' id='word_1_164' title='bbox 2476 2221 2762 2262; x_wconf 89' lang='lat' dir='ltr'><strong>meorum</strong></span> 
     </span>
     <span class='ocr_line' id='line_1_17' title="bbox 291 2297 2763 2376; baseline 0.001 -18"><span class='ocrx_word' id='word_1_165' title='bbox 291 2319 408 2358; x_wconf 85' lang='lat' dir='ltr'><strong>seo</strong></span> <span class='ocrx_word' id='word_1_166' title='bbox 448 2298 676 2359; x_wconf 75' lang='lat' dir='ltr'><strong>levites</strong></span> <span class='ocrx_word' id='word_1_167' title='bbox 715 2303 786 2359; x_wconf 88' lang='lat' dir='ltr'><strong>et</strong></span> <span class='ocrx_word' id='word_1_168' title='bbox 817 2299 1095 2359; x_wconf 80' lang='lat' dir='ltr'><strong>ciratieis</strong></span> <span class='ocrx_word' id='word_1_169' title='bbox 1135 2297 1349 2376; x_wconf 79' lang='lat' dir='ltr'><strong>adque</strong></span> <span class='ocrx_word' id='word_1_170' title='bbox 1394 2297 1510 2359; x_wconf 83' lang='lat' dir='ltr'><strong>filii</strong></span> <span class='ocrx_word' id='word_1_171' title='bbox 1551 2299 1752 2376; x_wconf 83' lang='lat' dir='ltr'><strong>ipsius</strong></span> <span class='ocrx_word' id='word_1_172' title='bbox 1800 2299 1951 2359; x_wconf 76' lang='lat' dir='ltr'><strong>ecel.</strong></span> <span class='ocrx_word' id='word_1_173' title='bbox 1984 2299 2092 2359; x_wconf 89' lang='lat' dir='ltr'><strong>lib.</strong></span> <span class='ocrx_word' id='word_1_174' title='bbox 2132 2319 2301 2360; x_wconf 89' lang='lat' dir='ltr'><strong>nom.</strong></span> <span class='ocrx_word' id='word_1_175' title='bbox 2332 2299 2527 2362; x_wconf 87' lang='lat' dir='ltr'><strong>firmo</strong></span> <span class='ocrx_word' id='word_1_176' title='bbox 2570 2299 2763 2362; x_wconf 87' lang='lat' dir='ltr'><strong>Petro</strong></span> 
     </span>
     <span class='ocr_line' id='line_1_18' title="bbox 291 2393 2763 2475; baseline 0.001 -21"><span class='ocrx_word' id='word_1_177' title='bbox 291 2394 338 2454; x_wconf 77' lang='lat' dir='ltr'><strong>f.</strong></span> <span class='ocrx_word' id='word_1_178' title='bbox 387 2394 452 2454; x_wconf 89' lang='lat' dir='ltr'><strong>b.</strong></span> <span class='ocrx_word' id='word_1_179' title='bbox 499 2415 584 2455; x_wconf 88' lang='lat' dir='ltr'><strong>m.</strong></span> <span class='ocrx_word' id='word_1_180' title='bbox 629 2393 946 2456; x_wconf 78' lang='lat' dir='ltr'><strong>Ildioarde</strong></span> <span class='ocrx_word' id='word_1_181' title='bbox 997 2397 1064 2456; x_wconf 88' lang='lat' dir='ltr'><strong>in</strong></span> <span class='ocrx_word' id='word_1_182' title='bbox 1119 2398 1368 2458; x_wconf 76' lang='lat' dir='ltr'><strong>cassina</strong></span> <span class='ocrx_word' id='word_1_183' title='bbox 1423 2397 1490 2457; x_wconf 88' lang='lat' dir='ltr'><strong>in</strong></span> <span class='ocrx_word' id='word_1_184' title='bbox 1533 2395 2001 2475; x_wconf 77' lang='lat' dir='ltr'><strong>castagnituIO,</strong></span> <span class='ocrx_word' id='word_1_185' title='bbox 2059 2417 2121 2474; x_wconf 84' lang='lat' dir='ltr'><strong>q.</strong></span> <span class='ocrx_word' id='word_1_186' title='bbox 2181 2397 2308 2456; x_wconf 78' lang='lat' dir='ltr'><strong>iam</strong></span> <span class='ocrx_word' id='word_1_187' title='bbox 2365 2415 2414 2456; x_wconf 92' lang='lat' dir='ltr'><strong>r.</strong></span> <span class='ocrx_word' id='word_1_188' title='bbox 2472 2395 2599 2457; x_wconf 82' lang='lat' dir='ltr'><strong>fuit</strong></span> <span class='ocrx_word' id='word_1_189' title='bbox 2648 2416 2763 2475; x_wconf 80' lang='lat' dir='ltr'><strong>per</strong></span> 
     </span>
     <span class='ocr_line' id='line_1_19' title="bbox 289 2491 2760 2574; baseline 0.001 -22"><span class='ocrx_word' id='word_1_190' title='bbox 289 2492 406 2571; x_wconf 89' lang='lat' dir='ltr'><strong>qd.</strong></span> <span class='ocrx_word' id='word_1_191' title='bbox 449 2492 874 2571; x_wconf 76' lang='lat' dir='ltr'><strong>Uualprando</strong></span> <span class='ocrx_word' id='word_1_192' title='bbox 915 2513 1128 2566; x_wconf 67' lang='lat' dir='ltr'><strong>mass„</strong></span> <span class='ocrx_word' id='word_1_193' title='bbox 1171 2499 1238 2554; x_wconf 88' lang='lat' dir='ltr'><strong>et</strong></span> <span class='ocrx_word' id='word_1_194' title='bbox 1279 2495 1406 2555; x_wconf 78' lang='lat' dir='ltr'><strong>alia</strong></span> <span class='ocrx_word' id='word_1_195' title='bbox 1459 2495 1710 2556; x_wconf 80' lang='lat' dir='ltr'><strong>cassina</strong></span> <span class='ocrx_word' id='word_1_196' title='bbox 1760 2491 2017 2567; x_wconf 83' lang='lat' dir='ltr'><strong>ibidem,</strong></span> <span class='ocrx_word' id='word_1_197' title='bbox 2062 2497 2191 2556; x_wconf 75' lang='lat' dir='ltr'><strong>iam</strong></span> <span class='ocrx_word' id='word_1_198' title='bbox 2234 2515 2282 2555; x_wconf 90' lang='lat' dir='ltr'><strong>r.</strong></span> <span class='ocrx_word' id='word_1_199' title='bbox 2328 2513 2441 2574; x_wconf 89' lang='lat' dir='ltr'><strong>per</strong></span> <span class='ocrx_word' id='word_1_200' title='bbox 2496 2494 2760 2572; x_wconf 88' lang='lat' dir='ltr'><strong>Alperto</strong></span> 
     </span>
     <span class='ocr_line' id='line_1_20' title="bbox 289 2587 2760 2669; baseline 0.001 -21"><span class='ocrx_word' id='word_1_201' title='bbox 289 2608 512 2660; x_wconf 65' lang='lat' dir='ltr'><strong>mass„</strong></span> <span class='ocrx_word' id='word_1_202' title='bbox 558 2587 748 2649; x_wconf 73' lang='lat' dir='ltr'><strong>ambe</strong></span> <span class='ocrx_word' id='word_1_203' title='bbox 790 2590 941 2649; x_wconf 87' lang='lat' dir='ltr'><strong>iuris</strong></span> <span class='ocrx_word' id='word_1_204' title='bbox 993 2592 1318 2662; x_wconf 78' lang='lat' dir='ltr'><strong>canonice,</strong></span> <span class='ocrx_word' id='word_1_205' title='bbox 1376 2609 1491 2669; x_wconf 91' lang='lat' dir='ltr'><strong>pro</strong></span> <span class='ocrx_word' id='word_1_206' title='bbox 1533 2607 1712 2668; x_wconf 78' lang='lat' dir='ltr'><strong>pens,</strong></span> <span class='ocrx_word' id='word_1_207' title='bbox 1757 2609 1976 2650; x_wconf 78' lang='lat' dir='ltr'><strong>annua</strong></span> <span class='ocrx_word' id='word_1_208' title='bbox 2028 2591 2095 2650; x_wconf 91' lang='lat' dir='ltr'><strong>in</strong></span> <span class='ocrx_word' id='word_1_209' title='bbox 2148 2589 2293 2650; x_wconf 81' lang='lat' dir='ltr'><strong>fest.</strong></span> <span class='ocrx_word' id='word_1_210' title='bbox 2344 2609 2394 2652; x_wconf 89' lang='lat' dir='ltr'><strong>s.</strong></span> <span class='ocrx_word' id='word_1_211' title='bbox 2440 2589 2639 2649; x_wconf 81' lang='lat' dir='ltr'><strong>Mario</strong></span> <span class='ocrx_word' id='word_1_212' title='bbox 2692 2589 2760 2650; x_wconf 90' lang='lat' dir='ltr'><strong>in</strong></span> 
     </span>
     <span class='ocr_line' id='line_1_21' title="bbox 285 2684 2755 2766; baseline 0.001 -20"><span class='ocrx_word' id='word_1_213' title='bbox 285 2691 530 2765; x_wconf 79' lang='lat' dir='ltr'><strong>agusto</strong></span> <span class='ocrx_word' id='word_1_214' title='bbox 571 2686 890 2746; x_wconf 82' lang='lat' dir='ltr'><strong>arientum</strong></span> <span class='ocrx_word' id='word_1_215' title='bbox 927 2684 1072 2746; x_wconf 90' lang='lat' dir='ltr'><strong>den.</strong></span> <span class='ocrx_word' id='word_1_216' title='bbox 1103 2687 1620 2766; x_wconf 73' lang='lat' dir='ltr'><strong>vigintiquatuor</strong></span> <span class='ocrx_word' id='word_1_217' title='bbox 1646 2685 1710 2746; x_wconf 92' lang='lat' dir='ltr'><strong>b.</strong></span> <span class='ocrx_word' id='word_1_218' title='bbox 1741 2687 2130 2764; x_wconf 86' lang='lat' dir='ltr'><strong>expendivili</strong></span> <span class='ocrx_word' id='word_1_219' title='bbox 2158 2687 2366 2766; x_wconf 78' lang='lat' dir='ltr'><strong>qualis</strong></span> <span class='ocrx_word' id='word_1_220' title='bbox 2408 2706 2523 2766; x_wconf 91' lang='lat' dir='ltr'><strong>per</strong></span> <span class='ocrx_word' id='word_1_221' title='bbox 2556 2693 2755 2766; x_wconf 89' lang='lat' dir='ltr'><strong>temp.</strong></span> 
     </span>
     <span class='ocr_line' id='line_1_22' title="bbox 285 2783 2756 2862; baseline 0 -17"><span class='ocrx_word' id='word_1_222' title='bbox 285 2805 370 2856; x_wconf 91' lang='lat' dir='ltr'><strong>o.;</strong></span> <span class='ocrx_word' id='word_1_223' title='bbox 397 2803 546 2862; x_wconf 88' lang='lat' dir='ltr'><strong>pen.</strong></span> <span class='ocrx_word' id='word_1_224' title='bbox 571 2783 798 2845; x_wconf 83' lang='lat' dir='ltr'><strong>arient.</strong></span> <span class='ocrx_word' id='word_1_225' title='bbox 820 2783 934 2845; x_wconf 86' lang='lat' dir='ltr'><strong>sol.</strong></span> <span class='ocrx_word' id='word_1_226' title='bbox 958 2793 1238 2845; x_wconf 82' lang='lat' dir='ltr'><strong>centum.</strong></span> <span class='ocrx_word' id='word_1_227' title='bbox 1285 2783 1427 2845; x_wconf 80' lang='lat' dir='ltr'><strong>Aet.</strong></span> <span class='ocrx_word' id='word_1_228' title='bbox 1452 2783 1802 2846; x_wconf 87' lang='lat' dir='ltr'><strong>Voloterre.</strong></span> <span class='ocrx_word' id='word_1_229' title='bbox 1847 2783 2083 2846; x_wconf 85' lang='lat' dir='ltr'><strong>Gundo</strong></span> <span class='ocrx_word' id='word_1_230' title='bbox 2102 2805 2182 2846; x_wconf 77' lang='lat' dir='ltr'><strong>ss.</strong></span> <span class='ocrx_word' id='word_1_231' title='bbox 2208 2785 2437 2846; x_wconf 86' lang='lat' dir='ltr'><strong>Petrus</strong></span> <span class='ocrx_word' id='word_1_232' title='bbox 2458 2805 2539 2846; x_wconf 85' lang='lat' dir='ltr'><strong>ss.</strong></span> <span class='ocrx_word' id='word_1_233' title='bbox 2560 2785 2756 2846; x_wconf 81' lang='lat' dir='ltr'><strong>Bain-</strong></span> 
     </span>
     <span class='ocr_line' id='line_1_23' title="bbox 285 2881 2799 2961; baseline 0 -17"><span class='ocrx_word' id='word_1_234' title='bbox 285 2882 526 2944; x_wconf 79' lang='lat' dir='ltr'><strong>baldus</strong></span> <span class='ocrx_word' id='word_1_235' title='bbox 567 2881 951 2961; x_wconf 74' lang='lat' dir='ltr'><strong>archipresb.</strong></span> <span class='ocrx_word' id='word_1_236' title='bbox 995 2883 1335 2944; x_wconf 84' lang='lat' dir='ltr'><strong>Anselmus</strong></span> <span class='ocrx_word' id='word_1_237' title='bbox 1375 2883 1574 2944; x_wconf 81' lang='lat' dir='ltr'><strong>levita</strong></span> <span class='ocrx_word' id='word_1_238' title='bbox 1615 2889 1684 2944; x_wconf 88' lang='lat' dir='ltr'><strong>et</strong></span> <span class='ocrx_word' id='word_1_239' title='bbox 1725 2884 2139 2961; x_wconf 75' lang='lat' dir='ltr'><strong>primicerius.</strong></span> <span class='ocrx_word' id='word_1_240' title='bbox 2184 2881 2503 2944; x_wconf 77' lang='lat' dir='ltr'><strong>Martinus</strong></span> <span class='ocrx_word' id='word_1_241' title='bbox 2542 2883 2753 2961; x_wconf 85' lang='lat' dir='ltr'><strong>presb.</strong></span> <span class='ocrx_word' id='word_1_242' title='bbox 2792 2921 2799 2926; x_wconf 90' lang='lat'>-</span> 
     </span>
     <span class='ocr_line' id='line_1_24' title="bbox 281 2977 2757 3058; baseline 0 -17"><span class='ocrx_word' id='word_1_243' title='bbox 281 2989 354 3042; x_wconf 88' lang='lat' dir='ltr'><strong>et</strong></span> <span class='ocrx_word' id='word_1_244' title='bbox 397 2985 638 3040; x_wconf 80' lang='lat' dir='ltr'><strong>custos.</strong></span> <span class='ocrx_word' id='word_1_245' title='bbox 683 2977 1013 3040; x_wconf 74' lang='lat' dir='ltr'><strong>Grasolfus</strong></span> <span class='ocrx_word' id='word_1_246' title='bbox 1052 2978 1262 3058; x_wconf 86' lang='lat' dir='ltr'><strong>presb.</strong></span> <span class='ocrx_word' id='word_1_247' title='bbox 1305 2985 1372 3040; x_wconf 88' lang='lat' dir='ltr'><strong>et</strong></span> <span class='ocrx_word' id='word_1_248' title='bbox 1415 2999 1556 3040; x_wconf 77' lang='lat' dir='ltr'><strong>ean.</strong></span> <span class='ocrx_word' id='word_1_249' title='bbox 1601 2979 1974 3042; x_wconf 75' lang='lat' dir='ltr'><strong>Camerinus</strong></span> <span class='ocrx_word' id='word_1_250' title='bbox 2016 2980 2215 3040; x_wconf 74' lang='lat' dir='ltr'><strong>levita</strong></span> <span class='ocrx_word' id='word_1_251' title='bbox 2256 2985 2323 3040; x_wconf 88' lang='lat' dir='ltr'><strong>et</strong></span> <span class='ocrx_word' id='word_1_252' title='bbox 2349 2999 2492 3042; x_wconf 76' lang='lat' dir='ltr'><strong>can.</strong></span> <span class='ocrx_word' id='word_1_253' title='bbox 2525 2981 2757 3042; x_wconf 84' lang='lat' dir='ltr'><strong>Petrus</strong></span> 
     </span>
     <span class='ocr_line' id='line_1_25' title="bbox 281 3075 2754 3154; baseline 0 -16"><span class='ocrx_word' id='word_1_254' title='bbox 281 3077 485 3138; x_wconf 86' lang='lat' dir='ltr'><strong>iudex</strong></span> <span class='ocrx_word' id='word_1_255' title='bbox 541 3077 674 3154; x_wconf 90' lang='lat' dir='ltr'><strong>inp.</strong></span> <span class='ocrx_word' id='word_1_256' title='bbox 731 3095 813 3136; x_wconf 87' lang='lat' dir='ltr'><strong>ss.</strong></span> <span class='ocrx_word' id='word_1_257' title='bbox 858 3075 920 3136; x_wconf 91' lang='lat' dir='ltr'><strong>S.</strong></span> <span class='ocrx_word' id='word_1_258' title='bbox 966 3096 1050 3136; x_wconf 90' lang='lat' dir='ltr'><strong>m.</strong></span> <span class='ocrx_word' id='word_1_259' title='bbox 1110 3075 1376 3138; x_wconf 81' lang='lat' dir='ltr'><strong>Berardi</strong></span> <span class='ocrx_word' id='word_1_260' title='bbox 1429 3075 1475 3136; x_wconf 81' lang='lat' dir='ltr'><strong>f.</strong></span> <span class='ocrx_word' id='word_1_261' title='bbox 1521 3075 1584 3137; x_wconf 92' lang='lat' dir='ltr'><strong>b.</strong></span> <span class='ocrx_word' id='word_1_262' title='bbox 1631 3096 1714 3136; x_wconf 88' lang='lat' dir='ltr'><strong>m.</strong></span> <span class='ocrx_word' id='word_1_263' title='bbox 1762 3075 2033 3137; x_wconf 90' lang='lat' dir='ltr'><strong>Andree.</strong></span> <span class='ocrx_word' id='word_1_264' title='bbox 2078 3076 2253 3136; x_wconf 88' lang='lat' dir='ltr'><strong>Petri</strong></span> <span class='ocrx_word' id='word_1_265' title='bbox 2294 3076 2339 3137; x_wconf 82' lang='lat' dir='ltr'><strong>f.</strong></span> <span class='ocrx_word' id='word_1_266' title='bbox 2386 3075 2449 3138; x_wconf 92' lang='lat' dir='ltr'><strong>b.</strong></span> <span class='ocrx_word' id='word_1_267' title='bbox 2509 3097 2592 3137; x_wconf 89' lang='lat' dir='ltr'><strong>m.</strong></span> <span class='ocrx_word' id='word_1_268' title='bbox 2654 3079 2754 3140; x_wconf 90' lang='lat' dir='ltr'><strong>Io·</strong></span> 
     </span>
     <span class='ocr_line' id='line_1_26' title="bbox 281 3172 2221 3252; baseline -0.001 -17"><span class='ocrx_word' id='word_1_269' title='bbox 281 3175 542 3236; x_wconf 79' lang='lat' dir='ltr'><strong>hannis,</strong></span> <span class='ocrx_word' id='word_1_270' title='bbox 589 3172 850 3234; x_wconf 83' lang='lat' dir='ltr'><strong>Rodulfi</strong></span> <span class='ocrx_word' id='word_1_271' title='bbox 889 3173 936 3234; x_wconf 78' lang='lat' dir='ltr'><strong>f.</strong></span> <span class='ocrx_word' id='word_1_272' title='bbox 981 3173 1248 3234; x_wconf 78' lang='lat' dir='ltr'><strong>Berardi</strong></span> <span class='ocrx_word' id='word_1_273' title='bbox 1291 3181 1370 3235; x_wconf 88' lang='lat' dir='ltr'><strong>tt.</strong></span> <span class='ocrx_word' id='word_1_274' title='bbox 1457 3174 1844 3236; x_wconf 77' lang='lat' dir='ltr'><strong>Adalbertus</strong></span> <span class='ocrx_word' id='word_1_275' title='bbox 1887 3181 2023 3236; x_wconf 86' lang='lat' dir='ltr'><strong>not.</strong></span> <span class='ocrx_word' id='word_1_276' title='bbox 2070 3176 2221 3252; x_wconf 91' lang='lat' dir='ltr'><strong>imp.</strong></span> 
     </span>
    </p>

    <p class='ocr_par' dir='ltr' id='par_1_5' title="bbox 609 3269 2753 3640">
     <span class='ocr_line' id='line_1_27' title="bbox 620 3269 2751 3350; baseline -0 -17"><span class='ocrx_word' id='word_1_277' title='bbox 620 3270 781 3333; x_wconf 78' lang='lat' dir='ltr'><strong>Volt.</strong></span> <span class='ocrx_word' id='word_1_278' title='bbox 811 3270 1035 3348; x_wconf 77' lang='lat' dir='ltr'><strong>AC&#39;ap.</strong></span> <span class='ocrx_word' id='word_1_279' title='bbox 1063 3290 1130 3332; x_wconf 78' lang='lat' dir='ltr'><strong>n.</strong></span> <span class='ocrx_word' id='word_1_280' title='bbox 1159 3271 1238 3332; x_wconf 88' lang='lat'><strong>21</strong></span> <span class='ocrx_word' id='word_1_281' title='bbox 1278 3270 1450 3348; x_wconf 64' lang='lat' dir='ltr'><strong>Oria.</strong></span> <span class='ocrx_word' id='word_1_282' title='bbox 1487 3271 1577 3332; x_wconf 79' lang='lat' dir='ltr'><strong>In</strong></span> <span class='ocrx_word' id='word_1_283' title='bbox 1605 3271 1786 3333; x_wconf 71' lang='lat' dir='ltr'><strong>dorso</strong></span> <span class='ocrx_word' id='word_1_284' title='bbox 1814 3269 2195 3349; x_wconf 58' lang='lat' dir='ltr'><strong>alcio-laedio</strong></span> <span class='ocrx_word' id='word_1_285' title='bbox 2223 3271 2371 3350; x_wconf 83' lang='lat' dir='ltr'><strong>Ugo</strong></span> <span class='ocrx_word' id='word_1_286' title='bbox 2398 3279 2599 3350; x_wconf 81' lang='lat' dir='ltr'><strong>pater.</strong></span> <span class='ocrx_word' id='word_1_287' title='bbox 2630 3272 2751 3350; x_wconf 54' lang='lat' dir='ltr'><strong>Loss</strong></span> 
     </span>
     <span class='ocr_line' id='line_1_28' title="bbox 614 3367 2753 3449; baseline 0.001 -22"><span class='ocrx_word' id='word_1_288' title='bbox 614 3367 826 3428; x_wconf 74' lang='lat' dir='ltr'><strong>thario</strong></span> <span class='ocrx_word' id='word_1_289' title='bbox 867 3367 998 3428; x_wconf 83' lang='lat' dir='ltr'><strong>filio</strong></span> <span class='ocrx_word' id='word_1_290' title='bbox 1038 3368 1194 3430; x_wconf 85' lang='lat' dir='ltr'><strong>eius.</strong></span> <span class='ocrx_word' id='word_1_291' title='bbox 1239 3388 1338 3447; x_wconf 89' lang='lat' dir='ltr'><strong>ep.</strong></span> <span class='ocrx_word' id='word_1_292' title='bbox 1370 3369 1560 3430; x_wconf 70' lang='lat' dir='ltr'><strong>Boeo.</strong></span> <span class='ocrx_word' id='word_1_293' title='bbox 1593 3367 1924 3430; x_wconf 79' lang='lat' dir='ltr'><strong>Grimaldo</strong></span> <span class='ocrx_word' id='word_1_294' title='bbox 1950 3367 2291 3430; x_wconf 75' lang='lat' dir='ltr'><strong>archidiae.</strong></span> <span class='ocrx_word' id='word_1_295' title='bbox 2332 3369 2753 3449; x_wconf 82' lang='lat' dir='ltr'><strong>Berengarius</strong></span> 
     </span>
     <span class='ocr_line' id='line_1_29' title="bbox 613 3463 2750 3544; baseline 0 -18"><span class='ocrx_word' id='word_1_296' title='bbox 613 3483 746 3526; x_wconf 86' lang='lat' dir='ltr'><strong>rex.</strong></span> <span class='ocrx_word' id='word_1_297' title='bbox 813 3463 1114 3527; x_wconf 85' lang='lat' dir='ltr'><strong>Albertus</strong></span> <span class='ocrx_word' id='word_1_298' title='bbox 1177 3468 1363 3527; x_wconf 88' lang='lat' dir='ltr'><strong>istius</strong></span> <span class='ocrx_word' id='word_1_299' title='bbox 1424 3465 1611 3527; x_wconf 85' lang='lat' dir='ltr'><strong>filius.</strong></span> <span class='ocrx_word' id='word_1_300' title='bbox 1669 3465 1983 3527; x_wconf 83' lang='lat' dir='ltr'><strong>Alboinus</strong></span> <span class='ocrx_word' id='word_1_301' title='bbox 2024 3485 2121 3544; x_wconf 80' lang='lat' dir='ltr'><strong>ep.</strong></span> <span class='ocrx_word' id='word_1_302' title='bbox 2182 3465 2561 3527; x_wconf 74' lang='lat' dir='ltr'><strong>Adulardus.</strong></span> <span class='ocrx_word' id='word_1_303' title='bbox 2620 3467 2750 3528; x_wconf 91' lang='lat' dir='ltr'><strong>An·</strong></span> 
     </span>
     <span class='ocr_line' id='line_1_30' title="bbox 609 3561 2750 3640; baseline 0 -17"><span class='ocrx_word' id='word_1_304' title='bbox 609 3562 873 3624; x_wconf 69' lang='lat' dir='ltr'><strong>suuldus</strong></span> <span class='ocrx_word' id='word_1_305' title='bbox 915 3564 1111 3624; x_wconf 76' lang='lat' dir='ltr'><strong>archi.</strong></span> <span class='ocrx_word' id='word_1_306' title='bbox 1164 3563 1421 3640; x_wconf 72' lang='lat' dir='ltr'><strong>(Liicke)</strong></span> <span class='ocrx_word' id='word_1_307' title='bbox 1465 3563 1632 3624; x_wconf 88' lang='lat' dir='ltr'><strong>filius</strong></span> <span class='ocrx_word' id='word_1_308' title='bbox 1673 3564 1809 3624; x_wconf 88' lang='lat' dir='ltr'><strong>eius</strong></span> <span class='ocrx_word' id='word_1_309' title='bbox 1849 3561 2114 3624; x_wconf 78' lang='lat' dir='ltr'><strong>Carolus</strong></span> <span class='ocrx_word' id='word_1_310' title='bbox 2154 3569 2223 3624; x_wconf 87' lang='lat' dir='ltr'><strong>et</strong></span> <span class='ocrx_word' id='word_1_311' title='bbox 2263 3564 2461 3624; x_wconf 85' lang='lat' dir='ltr'><strong>Pinus</strong></span> <span class='ocrx_word' id='word_1_312' title='bbox 2502 3567 2591 3630; x_wconf 78' lang='lat' dir='ltr'><strong>(l)</strong></span> <span class='ocrx_word' id='word_1_313' title='bbox 2634 3567 2750 3625; x_wconf 90' lang='lat' dir='ltr'><strong>im-</strong></span> 
     </span>
    </p>
   </div>
   <div class='ocr_carea' id='block_1_5' title="bbox 609 3660 2043 3740">
    <p class='ocr_par' dir='ltr' id='par_1_6' title="bbox 609 3660 2043 3740">
     <span class='ocr_line' id='line_1_31' title="bbox 609 3660 2043 3740; baseline 0.001 -20"><span class='ocrx_word' id='word_1_314' title='bbox 609 3665 958 3740; x_wconf 77' lang='lat' dir='ltr'><strong>peratores.</strong></span> <span class='ocrx_word' id='word_1_315' title='bbox 1003 3660 1216 3723; x_wconf 84' lang='lat' dir='ltr'><strong>Guido</strong></span> <span class='ocrx_word' id='word_1_316' title='bbox 1257 3662 1626 3740; x_wconf 78' lang='lat' dir='ltr'><strong>imperator.</strong></span> <span class='ocrx_word' id='word_1_317' title='bbox 1669 3661 1901 3722; x_wconf 85' lang='lat' dir='ltr'><strong>Petrus</strong></span> <span class='ocrx_word' id='word_1_318' title='bbox 1946 3679 2043 3740; x_wconf 88' lang='lat' dir='ltr'><strong>ep.</strong></span> 
     </span>
    </p>
   </div>
   <div class='ocr_carea' id='block_1_6' title="bbox 275 3856 2745 4032">
    <p class='ocr_par' dir='ltr' id='par_1_7' title="bbox 275 3856 2745 4032">
     <span class='ocr_line' id='line_1_32' title="bbox 275 3856 2745 3934; baseline 0.002 -18"><span class='ocrx_word' id='word_1_319' title='bbox 275 3857 380 3916; x_wconf 94' lang='grc'><strong>48.</strong></span> <span class='ocrx_word' id='word_1_320' title='bbox 1781 3856 1864 3916; x_wconf 83' lang='lat' dir='ltr'><em>M</em></span> <span class='ocrx_word' id='word_1_321' title='bbox 1863 3875 2233 3934; x_wconf 71' lang='lat' dir='ltr'><strong>aqmqmno</strong></span> <span class='ocrx_word' id='word_1_322' title='bbox 2276 3857 2358 3920; x_wconf 83' lang='grc'><strong>22</strong></span> <span class='ocrx_word' id='word_1_323' title='bbox 2394 3857 2565 3918; x_wconf 80' lang='lat' dir='ltr'><strong>Jum&#39;</strong></span> <span class='ocrx_word' id='word_1_324' title='bbox 2605 3858 2745 3920; x_wconf 83' lang='lat'><strong>971.</strong></span> 
     </span>
     <span class='ocr_line' id='line_1_33' title="bbox 402 3953 2743 4032; baseline 0 -17"><span class='ocrx_word' id='word_1_325' title='bbox 402 3953 570 4016; x_wconf 83' lang='lat' dir='ltr'><strong>Otto</strong></span> <span class='ocrx_word' id='word_1_326' title='bbox 611 3954 764 4032; x_wconf 90' lang='lat' dir='ltr'><strong>imp.</strong></span> <span class='ocrx_word' id='word_1_327' title='bbox 808 3973 867 4014; x_wconf 85' lang='grc'><strong>8.</strong></span> <span class='ocrx_word' id='word_1_328' title='bbox 913 3954 980 4014; x_wconf 91' lang='lat' dir='ltr'>X</span> <span class='ocrx_word' id='word_1_329' title='bbox 1019 3959 1090 4014; x_wconf 84' lang='lat' dir='ltr'><strong>et</strong></span> <span class='ocrx_word' id='word_1_330' title='bbox 1127 3953 1174 4014; x_wconf 78' lang='lat' dir='ltr'><strong>f.</strong></span> <span class='ocrx_word' id='word_1_331' title='bbox 1217 3955 1355 4015; x_wconf 86' lang='lat' dir='ltr'><strong>eius</strong></span> <span class='ocrx_word' id='word_1_332' title='bbox 1396 3953 1558 4015; x_wconf 81' lang='lat' dir='ltr'><strong>Otto</strong></span> <span class='ocrx_word' id='word_1_333' title='bbox 1598 3974 1658 4015; x_wconf 95' lang='grc'><strong>8.</strong></span> <span class='ocrx_word' id='word_1_334' title='bbox 1688 3953 1853 4026; x_wconf 87' lang='grc' dir='ltr'><strong>ΙΠΙ,</strong></span> <span class='ocrx_word' id='word_1_335' title='bbox 1888 3955 1956 4015; x_wconf 91' lang='lat' dir='ltr'>X</span> <span class='ocrx_word' id='word_1_336' title='bbox 1982 3955 2743 4028; x_wconf 76' lang='lat' dir='ltr'><strong>ka1.iu1.,ind.x1111.</strong></span> 
     </span>
    </p>
   </div>
   <div class='ocr_carea' id='block_1_7' title="bbox 273 4051 2747 4212">
    <p class='ocr_par' dir='ltr' id='par_1_8' title="bbox 273 4051 2747 4212">
     <span class='ocr_line' id='line_1_34' title="bbox 273 4051 2747 4133; baseline 0 -18"><span class='ocrx_word' id='word_1_337' title='bbox 273 4052 726 4115; x_wconf 74' lang='lat' dir='ltr'><strong>Commutatio</strong></span> <span class='ocrx_word' id='word_1_338' title='bbox 755 4053 922 4112; x_wconf 88' lang='lat' dir='ltr'><strong>inter</strong></span> <span class='ocrx_word' id='word_1_339' title='bbox 962 4052 1295 4113; x_wconf 82' lang='lat' dir='ltr'><strong>Petrum</strong></span> <span class='ocrx_word' id='word_1_340' title='bbox 1337 4051 1549 4114; x_wconf 87' lang='lat' dir='ltr'><strong>V.olot</strong></span> <span class='ocrx_word' id='word_1_341' title='bbox 1579 4071 1680 4131; x_wconf 89' lang='lat' dir='ltr'><strong>ep.</strong></span> <span class='ocrx_word' id='word_1_342' title='bbox 1711 4059 1780 4114; x_wconf 87' lang='lat' dir='ltr'><strong>et</strong></span> <span class='ocrx_word' id='word_1_343' title='bbox 1808 4052 2351 4115; x_wconf 88' lang='lat' dir='ltr'><strong>Winihildum</strong></span> <span class='ocrx_word' id='word_1_344' title='bbox 2384 4074 2447 4133; x_wconf 90' lang='lat' dir='ltr'><strong>q.</strong></span> <span class='ocrx_word' id='word_1_345' title='bbox 2477 4055 2747 4116; x_wconf 89' lang='lat' dir='ltr'><strong>Winitio</strong></span> 
     </span>
     <span class='ocr_line' id='line_1_35' title="bbox 273 4147 2747 4212; baseline -0 0"><span class='ocrx_word' id='word_1_346' title='bbox 273 4169 421 4212; x_wconf 79' lang='lat' dir='ltr'><strong>voe.</strong></span> <span class='ocrx_word' id='word_1_347' title='bbox 463 4149 512 4210; x_wconf 77' lang='lat' dir='ltr'><strong>f.</strong></span> <span class='ocrx_word' id='word_1_348' title='bbox 559 4147 622 4210; x_wconf 93' lang='lat' dir='ltr'><strong>b.</strong></span> <span class='ocrx_word' id='word_1_349' title='bbox 655 4167 741 4209; x_wconf 87' lang='lat' dir='ltr'><strong>m.</strong></span> <span class='ocrx_word' id='word_1_350' title='bbox 785 4147 1142 4212; x_wconf 73' lang='lat' dir='ltr'><strong>Kamarini.</strong></span> <span class='ocrx_word' id='word_1_351' title='bbox 1186 4150 1418 4212; x_wconf 82' lang='lat' dir='ltr'><strong>Petrus</strong></span> <span class='ocrx_word' id='word_1_352' title='bbox 1472 4149 1656 4210; x_wconf 86' lang='lat' dir='ltr'><strong>dedit</strong></span> <span class='ocrx_word' id='word_1_353' title='bbox 1709 4149 2043 4212; x_wconf 86' lang='lat' dir='ltr'><strong>Winihildi</strong></span> <span class='ocrx_word' id='word_1_354' title='bbox 2098 4150 2170 4211; x_wconf 95' lang='lat' dir='ltr'><strong>II</strong></span> <span class='ocrx_word' id='word_1_355' title='bbox 2224 4151 2625 4212; x_wconf 75' lang='lat' dir='ltr'><strong>massaricias</strong></span> <span class='ocrx_word' id='word_1_356' title='bbox 2680 4153 2747 4212; x_wconf 89' lang='lat' dir='ltr'><strong>in</strong></span> 
     </span>
    </p>
   </div>
   <div class='ocr_carea' id='block_1_8' title="bbox 267 4246 2743 4622">
    <p class='ocr_par' dir='ltr' id='par_1_9' title="bbox 267 4246 2743 4622">
     <span class='ocr_line' id='line_1_36' title="bbox 269 4246 2741 4326; baseline -0 -16"><span class='ocrx_word' id='word_1_357' title='bbox 269 4248 484 4310; x_wconf 82' lang='lat' dir='ltr'><strong>fundo</strong></span> <span class='ocrx_word' id='word_1_358' title='bbox 525 4267 590 4308; x_wconf 87' lang='lat' dir='ltr'><strong>u.</strong></span> <span class='ocrx_word' id='word_1_359' title='bbox 633 4247 700 4308; x_wconf 82' lang='lat' dir='ltr'><strong>d.</strong></span> <span class='ocrx_word' id='word_1_360' title='bbox 741 4247 1176 4310; x_wconf 78' lang='lat' dir='ltr'><strong>Tuoemnano·</strong></span> <span class='ocrx_word' id='word_1_361' title='bbox 1193 4267 1341 4310; x_wconf 87' lang='lat' dir='ltr'><strong>oum</strong></span> <span class='ocrx_word' id='word_1_362' title='bbox 1385 4253 1606 4310; x_wconf 86' lang='lat' dir='ltr'><strong>monte</strong></span> <span class='ocrx_word' id='word_1_363' title='bbox 1647 4253 1714 4308; x_wconf 87' lang='lat' dir='ltr'><strong>et</strong></span> <span class='ocrx_word' id='word_1_364' title='bbox 1741 4250 1892 4326; x_wconf 90' lang='lat' dir='ltr'><strong>poio</strong></span> <span class='ocrx_word' id='word_1_365' title='bbox 1919 4246 2003 4310; x_wconf 89' lang='lat' dir='ltr'><strong>de</strong></span> <span class='ocrx_word' id='word_1_366' title='bbox 2029 4268 2280 4310; x_wconf 86' lang='lat' dir='ltr'><strong>summo</strong></span> <span class='ocrx_word' id='word_1_367' title='bbox 2308 4247 2395 4308; x_wconf 77' lang='lat' dir='ltr'><strong>ad</strong></span> <span class='ocrx_word' id='word_1_368' title='bbox 2418 4248 2741 4322; x_wconf 87' lang='lat' dir='ltr'><strong>deorsum,</strong></span> 
     </span>
     <span class='ocr_line' id='line_1_37' title="bbox 269 4343 2741 4424; baseline 0 -17"><span class='ocrx_word' id='word_1_369' title='bbox 269 4345 390 4407; x_wconf 88' lang='lat' dir='ltr'><strong>ubi</strong></span> <span class='ocrx_word' id='word_1_370' title='bbox 431 4344 630 4412; x_wconf 82' lang='lat' dir='ltr'><strong>modo</strong></span> <span class='ocrx_word' id='word_1_371' title='bbox 671 4363 810 4406; x_wconf 84' lang='lat' dir='ltr'><strong>voe.</strong></span> <span class='ocrx_word' id='word_1_372' title='bbox 854 4343 1026 4414; x_wconf 86' lang='lat' dir='ltr'><strong>Colle</strong></span> <span class='ocrx_word' id='word_1_373' title='bbox 1067 4343 1325 4418; x_wconf 80' lang='lat' dir='ltr'><strong>Delioie,</strong></span> <span class='ocrx_word' id='word_1_374' title='bbox 1369 4345 1546 4424; x_wconf 89' lang='lat' dir='ltr'><strong>quod</strong></span> <span class='ocrx_word' id='word_1_375' title='bbox 1599 4345 1684 4406; x_wconf 89' lang='lat' dir='ltr'><strong>de</strong></span> <span class='ocrx_word' id='word_1_376' title='bbox 1737 4346 2131 4420; x_wconf 77' lang='lat' dir='ltr'><strong>Tuoennano</strong></span> <span class='ocrx_word' id='word_1_377' title='bbox 2172 4347 2472 4424; x_wconf 83' lang='lat' dir='ltr'><strong>pertinet,</strong></span> <span class='ocrx_word' id='word_1_378' title='bbox 2518 4367 2649 4408; x_wconf 77' lang='lat' dir='ltr'><strong>una</strong></span> <span class='ocrx_word' id='word_1_379' title='bbox 2690 4367 2741 4408; x_wconf 89' lang='lat' dir='ltr'><strong>r.</strong></span> 
     </span>
     <span class='ocr_line' id='line_1_38' title="bbox 267 4441 2743 4523; baseline 0 -17"><span class='ocrx_word' id='word_1_380' title='bbox 267 4443 406 4506; x_wconf 74' lang='lat' dir='ltr'><strong>fuit</strong></span> <span class='ocrx_word' id='word_1_381' title='bbox 445 4461 563 4523; x_wconf 85' lang='lat' dir='ltr'><strong>per</strong></span> <span class='ocrx_word' id='word_1_382' title='bbox 601 4441 786 4522; x_wconf 80' lang='lat' dir='ltr'><strong>Aggo</strong></span> <span class='ocrx_word' id='word_1_383' title='bbox 827 4443 1314 4520; x_wconf 76' lang='lat' dir='ltr'><strong>mans(iona)rio</strong></span> <span class='ocrx_word' id='word_1_384' title='bbox 1367 4450 1434 4505; x_wconf 87' lang='lat' dir='ltr'><strong>et</strong></span> <span class='ocrx_word' id='word_1_385' title='bbox 1489 4443 1686 4505; x_wconf 88' lang='lat' dir='ltr'><strong>modo</strong></span> <span class='ocrx_word' id='word_1_386' title='bbox 1738 4463 1854 4522; x_wconf 82' lang='lat' dir='ltr'><strong>per</strong></span> <span class='ocrx_word' id='word_1_387' title='bbox 1893 4443 2062 4506; x_wconf 82' lang='lat' dir='ltr'><strong>Urso</strong></span> <span class='ocrx_word' id='word_1_388' title='bbox 2102 4449 2171 4504; x_wconf 87' lang='lat' dir='ltr'><strong>et</strong></span> <span class='ocrx_word' id='word_1_389' title='bbox 2212 4443 2471 4506; x_wconf 74' lang='lat' dir='ltr'><strong>Andros.</strong></span> <span class='ocrx_word' id='word_1_390' title='bbox 2512 4463 2743 4520; x_wconf 66' lang='lat' dir='ltr'><strong>mans„</strong></span> 
     </span>
     <span class='ocr_line' id='line_1_39' title="bbox 267 4539 2741 4622; baseline 0 -18"><span class='ocrx_word' id='word_1_391' title='bbox 267 4541 402 4604; x_wconf 66' lang='lat' dir='ltr'><strong>alia</strong></span> <span class='ocrx_word' id='word_1_392' title='bbox 440 4558 495 4603; x_wconf 88' lang='lat' dir='ltr'><strong>r.</strong></span> <span class='ocrx_word' id='word_1_393' title='bbox 539 4539 669 4601; x_wconf 77' lang='lat' dir='ltr'><strong>fuit</strong></span> <span class='ocrx_word' id='word_1_394' title='bbox 706 4559 822 4620; x_wconf 88' lang='lat' dir='ltr'><strong>per</strong></span> <span class='ocrx_word' id='word_1_395' title='bbox 860 4539 926 4602; x_wconf 91' lang='lat' dir='ltr'><strong>b.</strong></span> <span class='ocrx_word' id='word_1_396' title='bbox 969 4559 1058 4602; x_wconf 90' lang='lat' dir='ltr'><strong>m.</strong></span> <span class='ocrx_word' id='word_1_397' title='bbox 1097 4539 1266 4602; x_wconf 87' lang='lat' dir='ltr'><strong>Urso</strong></span> <span class='ocrx_word' id='word_1_398' title='bbox 1305 4546 1373 4602; x_wconf 86' lang='lat' dir='ltr'><strong>et</strong></span> <span class='ocrx_word' id='word_1_399' title='bbox 1413 4541 1608 4602; x_wconf 90' lang='lat' dir='ltr'><strong>modo</strong></span> <span class='ocrx_word' id='word_1_400' title='bbox 1647 4559 1764 4620; x_wconf 88' lang='lat' dir='ltr'><strong>per</strong></span> <span class='ocrx_word' id='word_1_401' title='bbox 1803 4540 1931 4602; x_wconf 80' lang='lat' dir='ltr'><strong>alio</strong></span> <span class='ocrx_word' id='word_1_402' title='bbox 1970 4541 2137 4604; x_wconf 81' lang='lat' dir='ltr'><strong>Urso</strong></span> <span class='ocrx_word' id='word_1_403' title='bbox 2177 4541 2355 4622; x_wconf 90' lang='lat' dir='ltr'><strong>quod</strong></span> <span class='ocrx_word' id='word_1_404' title='bbox 2378 4561 2545 4616; x_wconf 88' lang='lat' dir='ltr'><strong>sum,</strong></span> <span class='ocrx_word' id='word_1_405' title='bbox 2574 4543 2741 4604; x_wconf 74' lang='lat' dir='ltr'><strong>infra</strong></span> 
     </span>
    </p>
   </div>
   <div class='ocr_carea' id='block_1_9' title="bbox 423 4745 610 4813">
    <p class='ocr_par' dir='ltr' id='par_1_10' title="bbox 423 4745 610 4813">
     <span class='ocr_line' id='line_1_40' title="bbox 423 4745 610 4813; baseline -0.005 -15"><span class='ocrx_word' id='word_1_406' title='bbox 423 4745 610 4813; x_wconf 54' lang='grc' dir='ltr'>Ἴσοι</span> 
     </span>
    </p>
   </div>
  </div>
 </body>
</html>
