3817 5642
959 542 1402 601 REGESTUM
1439 542 1548 597 VO
1561 542 2131 597 LATERRANUM
2674 542 2775 595 120

297 742 590 813 „Iacobus
628 740 892 803 Torselli
932 745 1184 801 tutores
1225 738 1436 817 Iugni,
1481 740 1772 818 Legier‘ii,
1819 738 2193 811 Falconerii‚
2236 738 2517 813 Cambei,
2570 738 2773 801 Rossc

307 840 592 901 filiorum
619 837 732 917 qd.
754 836 1024 899 Cambei
1045 835 1232 913 Iugni
1261 855 1378 915 pro
1405 856 1474 895 se
1499 841 1572 897 et
1597 855 1714 897 sua
1742 836 2053 897 societate
2085 838 2329 897 tutorio
2370 838 2629 897 nomine
2656 854 2773 915 pro

299 939 426 1009 «eis,
468 936 714 997 domini
756 936 996 996 montis
1033 940 1102 993 et
1143 939 1402 994 monete
1440 932 1524 993 de
1564 932 1902 1005 MonteriO,
1934 952 2015 993 ex
2048 934 2255 995 altera
2296 936 2771 995 constituerunt

307 1035 592 1097 arbitros
632 1032 990 1095 Germ-dum
1031 1031 1140 1109 qd.
1188 1032 1492 1093 Rainaldi
1529 1031 1614 1093 de
1654 1032 1854 1092 Prata
1893 1038 1962 1091 et
2002 1031 2463 1093 Usimbardum
2506 1032 2586 1093 de
2633 1033 2771 1094 Pic-

307 1134 538 1207 chena3
579 1151 724 1211 pen.
765 1130 908 1195 MM
943 1148 1138 1191 marc.
1181 1149 1316 1209 arg.
1363 1131 1486 1203 Qui
1528 1130 1882 1191 decernunt
1922 1130 2003 1191 de
2044 1133 2481 1191 controversia
2519 1150 2641 1209 pro
2664 1130 2773 1193 de·

304 1230 470 1301 bito,
502 1226 678 1307 quod
705 1246 810 1305 ep.
850 1224 1134 1287 debebat
1175 1246 1366 1304 super
1395 1228 1826 1305 argenteriam
1853 1232 1925 1287 et
1952 1232 2241 1287 montem
2268 1246 2455 1288 suum
2484 1228 2563 1289 de
2591 1226 2771 1289 Mon-

301 1326 478 1393 terio
515 1324 763 1385 civibus
803 1322 994 1383 dictis
1036 1324 1408 1383 constitutis
1449 1322 1536 1383 ab
1575 1342 1654 1383 eo
1693 1322 2047 1383 secundum
2103 1322 2631 1384 consuetudinem
2672 1344 2768 1385 ar-

299 1422 594 1501 genterie
633 1439 826 1498 super
865 1425 1196 1479 monetam
1236 1424 1302 1477 et·
1330 1418 1488 1479 alios
1517 1417 1806 1479 redditus
1832 1418 1915 1479 dc
1943 1420 2279 1493 MonteriO,
2310 1426 2377 1480 et
2404 1438 2523 1497 pro
2548 1422 2771 1483 immo-

302 1518 551 1579 deratis
569 1518 885 1596 expensiS‚
909 1534 1072 1595 quas
1093 1536 1201 1577 eos
1221 1518 1289 1576 in
1309 1516 1544 1587 eunde,
1567 1516 1917 1587 redeundo,
1938 1515 2173 1577 stando
2192 1516 2419 1579 fecisse
2438 1519 2771 1598 episcopus

297 1616 668 1677 asserebat:
755 1615 1057 1693 Paganus
1086 1610 1298 1675 solvat
1343 1631 1460 1690 pro
1501 1613 1737 1675 debitis
1767 1613 2140 1676 Ildebrandi
2175 1618 2328 1694 (ep.)
2359 1623 2426 1676 et
2453 1618 2583 1675 suis
2609 1616 2773 1677 duas

301 1719 524 1797 partes
544 1712 916 1773 reddituum
951 1714 1018 1772 in
1047 1710 1364 1772 Monterio
1392 1718 1462 1771 et
1489 1709 1730 1791 obliget
1759 1712 2047 1791 pignora,
2079 1732 2205 1791 que
2232 1713 2391 1773 dicti
2420 1712 2774 1775 Floreat-ini

295 1810 394 1871 ab
435 1830 514 1873 eo
555 1810 922 1871 habuerunt
965 1810 1034 1869 in
1077 1809 1244 1871 valle
1273 1809 1440 1880 Elsc,
1472 1810 1856 1871 nominatim
1883 1816 2101 1870 castra
2122 1810 2204 1871 de
2232 1808 2608 1884 Gambasso,
2638 1812 2773 1873 Uli-

295 1928 540 1987 gnam),
581 1908 962 1987 catignano,
994 1906 1361 1969 Pulicciano
1387 1914 1458 1967 et
1483 1908 1602 1980 ius,
1632 1906 1810 1985 quod
1835 1906 2039 1967 habet
2062 1910 2130 1967 in
2152 1908 2371 1969 Vama
2402 1909 2571 1970 villa.
2603 1909 2772 1970 Item

293 2006 539 2078 solvat,
563 2025 690 2084 que
711 2010 970 2091 tenetur
995 2024 1108 2083 pro
1136 2006 1409 2083 pecunia
1431 2003 1554 2067 sibi
1573 2004 1734 2065 data
1754 2004 1840 2065 ab
1861 2003 2321 2067 Ildebrandino
2340 2006 2769 2080 Cavalcantis,

303 2123 428 2185 pro
469 2123 600 2164 una
640 2122 847 2182 eoppa
888 2108 1196 2183 argentea
1235 2108 1303 2162 et
1345 2121 1461 2181 pro
1501 2103 1680 2163 lucro
1713 2102 1943 2163 horum
1971 2102 2413 2177 donationum
2442 2104 2677 2165 Gundo
2704 2110 2773 2165 et

303 2200 689 2263 Ranuccino
729 2220 846 2279 pro
888 2202 1124 2279 pannis
1161 2200 1246 2260 ab
1289 2202 1379 2261 eis
1421 2201 1648 2261 missiS.
1695 2199 1941 2273 Faciat,
1984 2206 2063 2260 ut
2088 2220 2261 2279 papa
2288 2200 2623 2262 confirmet
2650 2201 2771 2263 hoc

301 2298 577 2359 laudum
620 2298 706 2359 ad
743 2298 875 2359 kal.
918 2318 1089 2379 aug.;
1135 2300 1190 2358 si
1232 2316 1380 2369 non,
1426 2296 1640 2358 solvat
1678 2296 1955 2359 duodeci
1993 2297 2169 2359 milia
2208 2298 2355 2359 den.
2384 2296 2512 2359 Pis,
2544 2306 2675 2360 vet.
2704 2306 2773 2360 et

301 2416 428 2475 pro
466 2398 558 2456 eis
599 2416 640 2455 a
665 2396 794 2457 kal.
823 2396 938 2457 iul.
967 2398 1034 2455 in
1063 2403 1194 2455 tres
1220 2414 1426 2456 annos
1451 2396 1616 2455 duas
1641 2400 1862 2473 partes
1891 2396 2166 2457 Monteri
2198 2396 2493 2457 deductis
2518 2396 2773 2457 duabus

299 2493 602 2572 partibus
643 2512 1070 2572 expensarum
1114 2494 1204 2553 eis
1246 2492 1378 2553 det.
1410 2492 1694 2553 Nuntius
1723 2493 2243 2554 Florentinorum
2269 2495 2536 2573 recipiat
2566 2497 2774 2556 victu·

299 2609 452 2651 ram
492 2596 558 2649 et
584 2592 940 2651 necessaria
971 2610 1010 2649 a
1038 2590 1355 2651 Monterio
1382 2609 1586 2668 usque
1617 2589 2061 2651 Podiibonnizi
2095 2590 2195 2651 vel
2225 2590 2441 2652 Senes,
2470 2592 2772 2672 Paganus

291 2687 522 2750 solvat
543 2686 1003 2749 Ildebrandino
1031 2687 1440 2749 Cavalcantis
1470 2685 1782 2747 CCCLIII
1823 2687 1932 2747 lib.
1962 2688 2107 2749 den.
2153 2707 2192 2748 a
2234 2688 2361 2749 kal.
2391 2690 2497 2749 iul.
2528 2690 2613 2751 ad
2642 2694 2771 2750 tres

299 2804 512 2845 annos
557 2804 671 2863 pro
711 2786 968 2863 pannis,
997 2804 1225 2863 eoppa,
1255 2784 1466 2857 lucro;
1509 2782 1744 2844 Gundo
1783 2790 1852 2845 et
1894 2785 2269 2846 Ranuccino
2299 2785 2472 2847 CXV
2500 2785 2611 2861 lib.
2656 2806 2773 2865 pro

295 2884 539 2971 pannis
579 2888 646 2942 et
687 2882 924 2945 mendo
967 2884 1154 2941 unius
1196 2883 1380 2961 equi;
1423 2880 1566 2941 filiis
1609 2880 1874 2943 Cambei
1925 2883 2075 2943 CCC
2117 2881 2223 2943 lib.
2267 2902 2387 2961 pro
2414 2882 2635 2943 debito
2662 2884 2769 2943 Al-

291 2980 468 3041 biczi
507 2980 589 3041 de
630 2978 974 3059 Ficghina3
1023 2979 1414 3040 Bencivenni
1456 2977 1562 3057 qd.
1610 2980 1858 3041 Aretini
1899 2985 1969 3039 et
2010 2978 2293 3043 Gerardo
2333 2979 2628 3043 CCCCIV
2658 2978 2769 3043 lib.

294 3078 402 3139 De
445 3075 700 3138 duabus
739 3076 1038 3157 partibus
1075 3076 1448 3137 reddituum
1491 3076 1790 3137 Monterii
1841 3078 2001 3138 Cece
2052 3076 2294 3138 habeat
2334 3077 2620 3140 CCLVII
2664 3078 2773 3141 lib.

295 3174 482 3237 XIII
524 3172 660 3247 sol„
707 3174 874 3235 med.
919 3174 1004 3235 ad
1045 3174 1172 3235 kal.
1216 3173 1358 3236 dec.
1397 3179 1468 3234 et
1508 3174 1676 3234 med.
1719 3173 1805 3233 ad
1847 3194 2049 3235 unum
2090 3192 2355 3236 annum.

633 3272 794 3333 Volt.
827 3272 882 3333 A
903 3272 1066 3333 Vesc.
1091 3292 1142 3333 ε.
1167 3270 1357 3331 XIII
1377 3272 1503 3332 dec.
1527 3272 1568 3331 2
1591 3292 1651 3331 n.
1676 3272 1756 3332 34
1776 3272 1950 3349 Oriq.
1978 3272 2157 3347 (ohne
2177 3272 2565 3351 completio).
2590 3273 2773 3335 Liber

626 3370 868 3430 {urium
899 3370 938 3429 9
965 3371 1066 3431 cil.

293 3468 444 3529 364.
2067 3468 2245 3539 Rom,
2278 3469 2360 3528 13
2391 3468 2561 3531 Juni
2590 3470 2769 3531 1218.

427 3564 847 3626 Honorius
906 3562 1044 3625 ΙΙΙ
1088 3565 1338 3641 (Vitali)
1369 3564 1671 3642 archiep,
1720 3563 1941 3641 (Luce)
1986 3562 2136 3625 abb.
2182 3584 2231 3625 s,
2277 3564 2459 3625 Pauli
2491 3566 2571 3625 de
2601 3566 2772 3645 Ripa

292 3664 482 3735 Arni,
529 3663 839 3741 magistro
883 3661 1142 3723 Sufrido
1185 3681 1323 3722 can.
1369 3662 1494 3722 Pis.
1593 3660 1898 3723 Belfortis
1955 3664 2113 3723 civis
2154 3662 2329 3724 Vult.
2385 3670 2773 3742 conquestus

289 3766 424 3831 est,
457 3758 636 3839 quod
667 3758 1158 3837 (Fragnepanis)
1185 3764 1478 3837 potestas
1507 3765 1574 3819 et
1601 3778 1872 3819 comune
1892 3758 2117 3820 Vult.
2100 3778 2311 3837 ipsum
2340 3778 2459 3838 pro
2483 3779 2578 3834 ec,
2596 3761 2773 3839 quod

293 3857 624 3937 (Pagano)
656 3855 832 3917 Vult.
863 3874 964 3941 ep.
992 3856 1260 3917 domino
1285 3874 1402 3915 suo
1429 3858 1497 3915 in
1540 3858 1672 3917 suis
1712 3862 1780 3919 et
1808 3856 1959 3917 eccl.
2004 3876 2117 3917 sue
2156 3856 2517 3918 rationibus
2554 3876 2772 3918 conse-

293 3952 580 4034 quendis
619 3953 934 4031 impendit
977 3953 1312 4024 auxilium,
1356 3954 1438 4014 de
1479 3955 1750 4015 civitate
1793 3953 2185 4033 expellentes
2222 3956 2353 4015 suis
2386 3962 2455 4015 et
2494 3955 2771 4015 fratrum

293 4050 594 4115 turribus
622 4056 690 4111 et
724 4050 1023 4111 domibus
1067 4049 1300 4111 dirutis
1339 4052 1606 4113 iniurias
1649 4053 2033 4130 irrogarunt.
2118 4051 2407 4124 Mandat,
2451 4056 2773 4131 quatenus

281 4166 568 4209 eausam
606 4146 880 4223 audiant
921 4153 990 4207 et
1023 4149 1394 4209 terminent.
1479 4168 1506 4207 a
1529 4148 1815 4209 Dilectus
1857 4148 2026 4209 filius
2044 4168 2093 4211 ι.
2178 4149 2331 4210 Dat.
2362 4150 2569 4209 Rome.
2595 4150 2775 4227 apud

285 4264 350 4320 s.
400 4243 668 4305 Petrum
711 4241 798 4303 id.
842 4245 1000 4315 iun„
1044 4249 1224 4322 pont.
1271 4242 1362 4305 H.

631 4340 893 4401 Florem
920 4341 1076 4401 Ast.
1112 4341 1298 4417 (Voce.
1329 4340 1608 4423 12171121
1633 4342 1730 4414 13,
1763 4362 1822 4401 n.
1851 4342 1994 4419 167)
2019 4342 2191 4421 Oriq.
2220 4343 2429 4419 (Bulla
2449 4344 2772 4422 veo-lorea).

632 4440 670 4498 I
673 4445 838 4499 merl
876 4439 951 4499 in
999 4458 1063 4499 n.
1107 4438 1246 4499 385.

291 4536 450 4599 365
1558 4554 1566 4562 ·
2028 4536 2209 4611 Rom,
2243 4538 2282 4599 8
2310 4540 2557 4618 Auqu-st
2589 4540 2771 4603 1218.

423 4632 846 4695 Honorius
892 4632 1028 4695 ΙΙΙ
1059 4634 1388 4714 (Iohanni)
1419 4634 1566 4696 abb.
1597 4656 1648 4698 s.
1680 4634 1950 4715 Galgani
1978 4646 2045 4695 et
2069 4636 2525 4714 (Florenzetto)
2549 4657 2772 4717 prepo-

286 4734 432 4794 sito
474 4728 557 4793 de
602 4730 847 4795 Casulis
892 4734 947 4795 V
951 4733 1068 4794 ult.
1099 4733 1262 4795 dioc.
1347 4734 1508 4795 Cum
1539 4752 1655 4812 pro
1683 4736 2019 4812 questione
2050 4735 2217 4794 inter
2257 4736 2643 4815 (Paganum)
2670 4756 2772 4817 ep.

519 4920 556 4969 9
