3817 5642
905 559 1349 615 REGESTUM
1388 560 1947 615 VOLATERRAN
1956 561 2073 615 ΠΜ
2618 564 2643 615 1
2656 560 2725 615 15

263 754 570 816 Iohannis
611 755 934 817 Guiotoni.
1022 755 1343 818 Iohannes
1385 776 1482 835 ep.
1529 756 1720 827 Flor.,
1767 758 1995 818 Frater
2036 756 2247 818 Guido
2276 759 2447 836 prior
2474 738 2725 819 Camalss

260 850 542 913 dulensis
583 872 662 913 ss.
749 852 1104 915 Restant-us
1146 853 1340 914 iudex
1383 860 1449 913 et
1492 852 1776 916 tabellio.

591 950 750 1013 Volt.
797 951 1034 1013 AVesc.
1080 972 1132 1013 ε.
1175 950 1365 1012 XIII
1405 952 1529 1013 dec.
1587 953 1628 1013 2
1669 972 1731 1012 η.
1763 952 1844 1014 17
1885 952 2031 1013 zwei
2076 952 2298 1035 Θήρᾳ.
2348 954 2484 1029 (das
2524 954 2725 1015 zweite

581 1047 860 1205 ‘'myli‘'
884 1048 944 1109 U
945 1048 1241 1109 merachrz
1242 1049 1294 1125 ft
1311 1049 1417 1110 des
1437 1048 1635 1111 cama
1643 1050 2199 1129 ldulensoepriors).
2283 1050 2509 1113 Liber
2482 1053 2725 1113 aurium

585 1145 626 1205 8
674 1146 711 1205 1
797 1147 897 1206 cit.

264 1339 398 1399 325.
1325 1341 1554 1417 (Rom),
1602 1342 1708 1418 (22
1735 1341 2015 1403 Februar
2038 1378 2121 1387 -—
2146 1342 2505 1421 November)
2544 1343 2725 1407 1214.

384 1437 938 1499 Innocentius
980 1436 1116 1499 ΙΙΙ
1157 1440 1458 1518 episeopo
1483 1439 1951 1515 ¹)Florentino.
2036 1439 2213 1501 Vult.
2244 1461 2343 1520 ep.
2375 1442 2460 1501 ad
2488 1462 2727 1521 papam

265 1536 734 1611 querimoniam
774 1536 1148 1609 destinavit,
1193 1538 1370 1615 quod
1410 1542 1699 1615 potestas
1723 1542 1766 1613 3)
1799 1543 1865 1597 et
1889 1558 2172 1599 -eomune
2202 1536 2508 1600 Senenses
2536 1558 2728 1619 super

265 1632 552 1708 quadam
592 1636 882 1712 pecunia,
928 1635 1134 1705 terrie,
1177 1634 1558 1707 redditibuS,
1599 1635 1790 1695 rebus
1833 1636 1973 1695 aliis
2014 1636 2225 1715 ipeum
2280 1643 2347 1697 et
2402 1636 2553 1699 ecel.
2597 1658 2728 1699 non

265 1722 546 1791 cessant
575 1730 861 1791 indebite
915 1732 1276 1792 molestare.
1341 1732 1630 1805 Mandat,
1699 1738 2021 1811 quatenus
2076 1734 2363 1814 [causam
2419 1734 2727 1815 decidat}

265 1826 340 1905 «[
347 1872 503 1886 .....
509 1827 534 1907 ]
576 1828 662 1887 ad
701 1847 818 1888 nos
838 1848 887 1888 ν).
971 1828 1156 1908 [Dat.
1201 1830 1505 1889 Laterani
1551 1876 1742 1890 ......
1787 1836 1970 1909 pont.
2016 1832 2320 1911 sethimo
2361 1833 2631 1893 decimo.

589 1926 627 1986 J
629 1934 793 1987 mert
832 1928 904 1987 in
947 1948 1008 1987 n.
1039 1927 1179 1988 326.
1224 1926 1502 2003 (Schluss
1543 1928 1916 2005 zersressen).

269 2123 407 2184 326.
1763 2123 2045 2195 Florem,
2075 2124 2157 2185 22
2182 2123 2519 2183 November
2546 2123 2727 2185 1214.

390 2218 712 2281 Iohannes
752 2219 1161 2283 Florentinus
1201 2240 1301 2299 ep.
1335 2240 1524 2300 super
1551 2223 1989 2282 controversia
2031 2223 2199 2283 inter
2236 2224 2257 2298 (
2274 2221 2731 2301 Paganum)

264 2338 368 2397 ep.
415 2324 484 2379 et
523 2318 904 2380 Guelfonem
949 2324 1340 2398 potestatem
1383 2325 1448 2378 et
1478 2320 1967 2380 universitatem
2004 2320 2315 2381 Senenses
2342 2320 2534 2379 iudex
2562 2319 2729 2380 dele-

266 2424 466 2496 gatus
493 2434 660 2495 pape
683 2420 728 2493 ³)
758 2418 1112 2495 pronuntio
1135 2417 1508 2495 episcopum
1536 2418 1601 2476 in
1632 2418 2092 2494 possessionem
2116 2415 2197 2477 de
2217 2417 2535 2478 Monterio
2561 2423 2629 2478 et
2651 2416 2733 2479 de

263 2514 580 2575 Fruosine
619 2520 690 2575 et
730 2513 810 2575 de
852 2513 1334 2595 Monteregione
1375 2514 1789 2589 mittendum,
1819 2520 2213 2592 potestatem
2242 2521 2555 2594 reputans
2580 2534 2729 2575 oon-

265 2618 618 2683 tumaeem;
649 2613 910 2691 insuper
938 2630 1054 2691 pro
1081 2610 1270 2673 rebus
1304 2611 1648 2673 mobilibus
1674 2613 1900 2692 petitis
1929 2614 2139 2691 ipsum
2173 2614 2243 2673 in
2269 2614 2733 2690 possessionem

263 2711 470 2771 castri
510 2710 888 2770 Monticiani
928 2709 1142 2770 mitto.
1227 2708 1372 2769 Act.
1417 2711 1586 2771 Flor.
1629 2712 1698 2770 in
1739 2709 1984 2789 palatio
2026 2729 2125 2789 ep.
2196 2708 2599 2782 MCCXIIII,
2632 2707 2733 2769 XI

265 2806 399 2867 kal.
445 2807 604 2881 deo„
647 2806 781 2868 ind.
825 2806 932 2867 III
1013 2808 1079 2868 in
1122 2826 1282 2885 pres,
1326 2827 1493 2886 mag.
1541 2806 1931 2887 Boninsigne
1986 2806 2245 2885 plebani
2297 2807 2733 2869 Castrifloren-

264 2906 416 2966 tini.
463 2905 814 2965 Bonacursi
855 2906 1015 2966 civis
1055 2906 1184 2966 Pis.
1231 2910 1386 2965 tune
1427 2906 1772 2983 potestatis
1813 2905 2014 2965 Prati.
2060 2903 2278 2965 Gundi
2316 2904 2363 2965 f.
2408 2907 2559 2967 olim
2602 2905 2733 2969 Lei.

263 3005 444 3064 Pieri
481 3004 816 3064 camerarii
855 3024 954 3082 ep.
997 3004 1165 3065 Flor.
1239 3004 1559 3064 Iohannes
1587 3024 1687 3083 ep.
1717 3004 1886 3065 Flor.
1919 3005 2121 3065 statui
2148 3010 2217 3064 et
2244 3024 2324 3064 sa.
2410 3004 2735 3085 Henrigus

265 3102 472 3163 iudex
513 3108 582 3161 et
619 3110 759 3161 not.

605 3198 766 3260 Volt.
815 3198 1053 3260 AVesc.
1096 3220 1145 3259 8.
1198 3196 1387 3258 XIII
1428 3198 1551 3259 deo.
1590 3198 1630 3259 2
1683 3218 1745 3259 n.
1798 3198 1880 3258 18
1920 3198 2093 3276 Oriq.
2150 3198 2333 3260 Liber
2374 3200 2613 3260 iuriam
2657 3198 2734 3259 8¹.

599 3296 680 3355 19
705 3298 804 3357 cit.

267 3494 417 3555 327.
1863 3494 2161 3565 Volterra,
2192 3492 2528 3552 November
2555 3492 2737 3553 1214.

399 3586 857 3668 [ΜΟΟ]ΧΠΙΙ,
887 3587 1018 3647 ind.
1051 3586 1324 3666 111,[...
1371 3588 1729 3668 no]vembr.
1817 3591 2194 3669 Paganus
2235 3608 2334 3667 ep.
2374 3588 2551 3649 Vult.
2590 3608 2734 3650 oon-

263 3689 610 3750 stituimus
651 3686 697 3765 [.
721 3733 731 3745 .
755 3735 766 3746 .
788 3686 1016 3766 ‚Julum
1057 3684 1137 3746 de
1178 3706 1226 3746 s,
1258 3687 1464 3747 Maria
1505 3694 1572 3748 et
1605 3687 2071 3749 Cancellarium
2113 3686 2282 3766 [qd.]
2325 3686 2739 3747 Braccifortis

263 3784 558 3847 aindioos
598 3802 745 3844 suos
787 3785 854 3844 in
897 3783 1118 3845 litibus
1153 3786 1457 3845 usurariis
1486 3785 1654 3845 inter
1681 3804 1747 3844 se
1777 3790 1842 3844 et
1870 3784 2133 3843 heredes
2162 3783 2503 3844 Gubertini
2546 3782 2739 3844 Guidi

265 3884 638 3945 Guarnerii.
723 3881 868 3942 Act.
915 3880 1144 3958 (Vult.)
1189 3882 1255 3942 in
1297 3882 1543 3959 palatio
1582 3900 1682 3959 ep.
1765 3881 2092 3959 presentia
2125 3880 2426 3941 Belfortis
2460 3880 2568 3960 qd.
2614 3880 2737 3939 Bo-

263 3981 632 4045 nefidanze.
676 3979 1052 4057 Bonaguide
1094 3980 1338 4039 Parisii.
1378 3979 1666 4040 Bonavie
1698 3977 1994 4038 Bandini.
2080 3977 2575 4039 Bartholomeus
2600 3983 2737 4039 not.

614 4077 771 4139 Volt.
803 4076 1043 4137 AVesc.
1077 4076 1246 4154 App.
1275 4076 1414 4137 ooll’
1417 4096 1588 4138 anno
1620 4096 1684 4137 n.
1713 4076 1753 4136 3
1797 4074 2367 4152 (Ild.Pa9.)or219.
2414 4075 2579 4151 (sehr
2618 4094 2739 4134 zer-

601 4180 797 4253 είόνι).

267 4376 422 4437 328.
1775 4369 2177 4443 Ροηιαναησε,
2208 4370 2249 4430 3
2273 4369 2325 4429 J
2325 4388 2530 4429 αππιαν
2557 4368 2737 4431 1215.

405 4470 717 4541 MOOXV‚
753 4469 1128 4530 Innocentio
1159 4487 1348 4547 papa,
1381 4468 1486 4529 III
1515 4488 1663 4529 non.
1695 4469 1845 4539 ian„
1877 4466 2010 4527 ind.
2044 4465 2169 4527 III.
2254 4465 2532 4527 Ianellus
2560 4465 2746 4527 iudea

261 4569 618 4649 delegatus
660 4566 922 4627 Martini
959 4585 1061 4645 ep.
1105 4572 1172 4626 et
1213 4566 1579 4627 Cortisonni
1620 4564 1928 4645 prepositi
1956 4564 2131 4624 Aret.
2164 4562 2249 4623 ad
2277 4569 2475 4625 testes
2502 4547 2741 4623 exami-

427 4776 478 4837 ι)
517 4769 778 4825 Iohanni.
925 4774 968 4835 ⁹)
1007 4772 1242 4824 Guelfus
1278 4773 1348 4823 de
1385 4772 1644 4824 Pomaria
1681 4772 1752 4823 de
1790 4774 1958 4823 Luca.
2107 4770 2149 4836 3)
2187 4772 2345 4823 Siohe
2378 4787 2437 4821 n.
2478 4774 2599 4823 325.
