3817 5642
1060 610 1130 661 68
1705 610 2147 665 REGESTUM
2188 610 2871 666 VOLATERRANUM

1060 802 1348 869 eonsules
1387 806 1469 867 de
1507 806 1715 885 Aequi
1756 804 2127 879 diffinimus,
2168 811 2247 865 ut
2286 803 2377 865 illi
2416 806 2497 867 de
2536 806 2743 887 Aequi
2772 807 3042 870 mittant
3067 808 3429 887 camparios
3456 810 3525 869 in

1061 903 1529 984 Nigothanam3
1573 903 1653 963 de
1683 902 2049 965 hominibus
2076 904 2156 963 de
2184 902 2559 982 Nigothana
2586 903 2890 967 abbatem
2918 903 3331 979 absolvimus;
3362 928 3523 986 pan-

1063 1008 1290 1065 tanum
1317 998 1410 1059 illi
1436 1001 1517 1061 de
1543 999 1755 1079 Aequi
1779 1006 2065 1063 teneant.
2150 1000 2302 1063 Dat.
2338 1001 2405 1060 in
2442 1000 2629 1081 plebe
2670 1002 2751 1063 de
2791 1002 3001 1083 Aequi
3040 1006 3109 1065 in
3148 1006 3527 1068 testimonio

1061 1098 1344 1161 Rainerii
1372 1100 1481 1180 qd.
1509 1098 1774 1161 Gaitani
1799 1108 1866 1159 et
1895 1098 2265 1162 Ildebrandi
2295 1100 2399 1181 qd.
2432 1100 2749 1163 Manfredi
2778 1100 3005 1163 iudicis
3032 1104 3521 1177 advocatorum,

1062 1196 1380 1260 Adaldelli
1418 1204 1486 1259 et
1529 1194 1874 1261 Rolandini
1914 1218 2017 1277 gg.
2063 1197 2165 1278 qd.
2213 1197 2575 1277 Opithonis,
2620 1198 2975 1261 Merollario
3026 1201 3137 1280 qd.
3184 1202 3525 1265 Lamberti

1062 1296 1142 1357 de
1182 1297 1594 1375 Lucagnano,
1636 1292 2011 1356 Guilicionis
2051 1301 2119 1355 et
2158 1294 2400 1375 Grugni
2442 1316 2543 1376 gg.
2574 1297 2683 1376 qd.
2714 1296 3001 1371 Comitis,
3030 1298 3221 1360 Surdi
3249 1306 3315 1359 et
3344 1300 3522 1361 Hen-

1061 1394 1180 1474 rigi
1218 1394 1301 1455 (16
1340 1392 1529 1455 Ceule
1569 1394 1678 1472 qd.
1725 1393 2067 1455 Rubertini
2094 1396 2161 1469 ¹),
2204 1394 2567 1456 Considrati
2604 1396 2715 1475 qd.
2759 1396 2953 1469 Pacii,
2996 1395 3153 1459 Cieii
3189 1397 3295 1477 qd.
3342 1398 3521 1460 Cicii.

1065 1493 1394 1565 MCLXH,
1439 1490 1570 1551 ind.
1611 1492 1738 1561 IX,
1769 1492 1832 1553 X
1861 1489 1986 1551 kaL
2016 1492 2147 1551 iun.
2230 1490 2657 1554 Ildebrandus
2684 1492 2895 1554 iudex.
2928 1494 3247 1556 Gerardus
3274 1495 3519 1557 eonsul.

1064 1589 1486 1654 Ildebrandus
1525 1588 1710 1649 Fred.
1757 1588 1945 1649 Rom.
1987 1591 2143 1668 imp.
2186 1588 2381 1651 iudex
2422 1590 2556 1651 ord.
2601 1598 2669 1651 et
2708 1590 3041 1653 consulum
3076 1612 3368 1654 assessor.
3398 1592 3522 1655 Ge-

1064 1692 1288 1753 tardus
1317 1688 1646 1751 Gumfredi
1673 1686 2007 1749 consulum
2037 1706 2311 1750 assessor
2350 1708 2430 1748 se.
2516 1689 2824 1768 Uguiecio
2864 1690 2945 1751 de
2974 1690 3337 1755 Casanm'lia
3360 1692 3525 1771 imp.

1063 1789 1257 1853 iudex
1299 1788 1434 1849 ord.
1479 1794 1546 1849 et
1585 1794 1720 1849 not.

1391 1885 1550 1948 Vola.
1595 1884 1835 1947 AVesc.
1879 1902 1929 1943 8·
1974 1882 2125 1945 XII
2163 1885 2287 1946 dec.
2334 1886 2373 1945 7
2410 1906 2476 1947 n.
2520 1886 2561 1945 6
2601 1886 2773 1963 Oriq.

1072 2083 1206 2145 191.
2670 2080 2909 2155 (Simu,
2953 2080 3036 2143 30
3075 2081 3268 2160 April
3309 2082 3525 2157 1162).

1183 2178 1685 2248 Ildibrandinus‚
1739 2174 2167 2249 Baroncellus,
2210 2176 2495 2251 Bonone,
2546 2178 2795 2239 Russus
2848 2177 3138 2241 eonsules
3191 2180 3524 2251 senenses,

1063 2277 1246 2339 electi
1289 2278 1510 2339 arbitri
1567 2296 1608 2337 a
1667 2275 2035 2355 Galgano
2088 2296 2187 2354 ep.
2247 2274 2421 2338 Vult.
2466 2282 2533 2337 et
2572 2276 2807 2337 comite
2862 2276 3519 2353 Ildibrandino²)

1061 2395 1248 2453 super
1289 2376 1725 2436 controversia
1763 2374 1843 2435 de
1885 2380 2097 2433 castro
2138 2373 2460 2435 Gerfalehi
2500 2380 2568 2435 et
2606 2374 2687 2435 de
2736 2394 3037 2453 competa
3088 2382 3154 2437 et
3208 2377 3529 2456 atquisito

1063 2474 1252 2535 saetis
1293 2492 1404 2552 per
1445 2473 1814 2551 episcopum
1859 2470 1943 2532 ab
1972 2471 2338 2534 hominibus
2365 2472 2446 2533 de
2475 2474 2713 2535 Sancto
2742 2470 3010 2534 Miniato
3040 2474 3106 2533 in
3133 2478 3344 2533 castro
3372 2474 3522 2535 Tre-

1065 2569 1239 2643 mali,
1280 2571 1772 2648 pronuntiamus
1813 2572 2075 2631 tertiam
2117 2576 2369 2648 partem
2413 2568 2733 2631 Gerfalchi
2772 2571 3088 2648 pertinere
3130 2570 3214 2632 ad
3241 2590 3339 2650 ep.
3370 2590 3525 2631 eum

1067 2665 1430 2729 Rolandino
1471 2666 1554 2727 de
1595 2668 1814 2739 Lama,
1860 2668 2120 2727 tertiam
2162 2666 2247 2729 ad
2288 2666 2837 2739 Ildebrandinum,
2882 2666 3141 2729 tertiam
3186 2666 3321 2729 iure
3347 2667 3523 2729 feodi

1067 2764 1465 2826 Pannoeehie
1489 2766 1558 2840 ⁸),
1603 2763 1783 2824 salvo
1823 2762 1959 2824 iure
2000 2764 2448 2825 canonicorum
2492 2770 2558 2823 et
2601 2763 2803 2842 plebis
2841 2764 2922 2824 de
2962 2764 3183 2825 Monte
3225 2766 3348 2825 Ere
3367 2786 3381 2837 ;
3424 2764 3527 2825 di-

1068 2862 1375 2925 visionem
1397 2862 1640 2922 faciant
1661 2860 1969 2939 Uguiecio
1996 2860 2365 2921 lombardus
2392 2870 2459 2922 et
2486 2860 2935 2942 Lamprettus;
2978 2864 3314 2941 episcopus
3340 2865 3527 2923 resti-

1067 2966 1214 3022 tuat·
1255 2978 1618 3038 comperam
1661 2960 1728 3019 in
1768 2958 2060 3028 Tnemali‚
2106 2978 2317 3019 comes
2345 2956 2520 3019 nullo
2548 2966 2835 3037 tempore
2862 2959 3116 3021 edificet
3142 2966 3423 3021 castrum
3450 2962 3529 3020 in

1067 3064 1286 3121 monte
1328 3056 1620 3119 Bibiano.
1705 3056 1879 3118 Data
1920 3056 1987 3117 in
2026 3057 2175 3118 eeel.
2206 3077 2255 3118 s.
2288 3057 2486 3118 Marie
2527 3058 2607 3119 de
2648 3060 2817 3121 Sena
2883 3059 2951 3119 in
2990 3078 3153 3137 pres.
3198 3059 3375 3120 Petri
3410 3060 3525 3119 Al-

1069 3156 1315 3218 bithelli
1345 3157 1469 3217 Pis.
1501 3156 1776 3216 consulis
1805 3159 1872 3231 ⁴).
1905 3155 2181 3217 Alcherii
2209 3162 2277 3216 et
2304 3154 2607 3235 Raynerii
2638 3157 2899 3217 Gaitam'
2940 3164 3007 3218 et
3034 3155 3363 3237 Bulgarini
3390 3157 3525 3217 Pis.

1067 3255 1548 3317 advocatorum.
1595 3252 1871 3314 Rolandi
1914 3254 1994 3313 de
2036 3253 2290 3315 Octava
2326 3260 2393 3313 et
2423 3254 2769 3315 Gottifredi
2797 3260 2863 3315 et
2892 3255 3200 3316 Guiniseii
3224 3254 3379 3315 Luc.
3408 3254 3527 3313 ad-

1067 3358 1461 3413 vocatorum.
1487 3348 1844 3413 Soudaeolli
1871 3348 2313 3411 Ildibrandini.
2347 3351 2693 3412 Malavolte
2721 3350 2995 3429 Phylipi.
3028 3350 3275 3431 Ugonis
3304 3352 3525 3411 Boste.

1065 3450 1207 3528 Ugo
1249 3450 1666 3509 Bononiensis
1709 3448 1790 3508 de
1824 3456 2015 3526 porta
2044 3450 2425 3510 Ravennate
2452 3449 2646 3509 iudex
2689 3454 2757 3509 et
2785 3450 3157 3512 senensium
3187 3447 3526 3511 consulum

1060 3549 1127 3608 in
1171 3548 1288 3608 hae
1330 3566 1526 3607 eausa
1559 3566 1834 3607 assessor
1873 3546 2137 3607 recitavi
2184 3554 2249 3606 et
2292 3566 2371 3606 ss.
2458 3545 2769 3625 Uguiocio
2808 3546 2889 3607 de
2926 3546 3289 3611 Casannilia
3327 3546 3527 3607 iudex

1062 3644 1197 3706 ord.
1241 3650 1308 3704 et
1350 3649 1484 3704 not.
1528 3663 1609 3703 ex
1651 3644 1963 3703 mandato
2004 3642 2358 3715 consulum,
2406 3644 2699 3721 Galgani‚
2744 3645 3053 3705 comitum
3096 3640 3527 3705 Ildibrandini

1063 3750 1129 3803 et
1174 3739 1458 3802 Rainerii
1499 3741 1917 3801 Pannocehie.

1390 3837 1552 3899 Volt.
1599 3838 1838 3898 AVesc..
1882 3858 1933 3897 8.
1978 3836 2127 3897 XII
2170 3838 2294 3897 dec.
2346 3840 2379 3898 7
2420 3858 2485 3897 n.
2517 3838 2557 3898 5
2596 3840 2742 3898 zwei
2782 3838 2985 3916 Copp.
3032 3858 3148 3899 von
3192 3837 3353 3899 1295
3390 3838 3530 3897 und

1386 3934 1565 3995 1300.
1611 3934 1790 3994 Liber
1833 3936 2075 3994 iurium
2116 3935 2195 3994 13
2235 3937 2335 3995 cit.
2364 3938 2409 4010 ⁵)

1217 4116 1256 4178 ¹)
1290 4115 1440 4165 Wohl
1479 4115 1802 4164 RuBertinue
1825 4115 1896 4165 II
1923 4116 2388 4173 Pannoechieachi,
2428 4116 2558 4165 oben
2596 4133 2651 4165 η.
2696 4118 2813 4169 176.
2962 4117 3005 4181 ¹)
3042 4114 3397 4167 Ildebmndssn
3439 4115 3525 4165 V1

1069 4204 1539 4261 Αῑάοόναηάοεσὴὶ,
1573 4218 1617 4252 ε.
1657 4219 1714 4254 η.
1754 4206 2001 4255 180-181.
2043 4207 2294 4263 185-186,
2332 4221 2408 4253 wo
2458 4205 2597 4254 auch
2645 4206 2731 4255 die
2776 4205 3169 4268 Vorqoechichse
3214 4205 3305 4254 des
3340 4202 3524 4253 Akme.

1069 4294 1112 4359 ³)
1151 4294 1358 4345 Rainer
1378 4292 1450 4343 ΙΙ
1475 4293 1820 4343 Pannocchia
1843 4310 1947 4342 aus
1974 4294 2091 4343 dem
2114 4294 2303 4343 Haase
2327 4294 2799 4353 Pannocchieschi‚
2823 4308 2867 4343 s.
2894 4308 2947 4342 n.
2978 4296 3139 4345 1854
3147 4295 3229 4344 86.
3339 4291 3383 4357 ⁴)
3412 4292 3529 4342 Der

1067 4382 1286 4434 Konsul
1315 4384 1514 4431 Petrus
1541 4381 1826 4431 Albithelli
1852 4382 1920 4430 ist
1947 4382 2206 4433 {dentisch
2242 4382 2341 4432 mit
2374 4384 2574 4434 Petrus
2600 4382 2933 4441 Albithonis,
2960 4382 3178 4433 Kamul
3200 4381 3341 4433 auch
3365 4384 3529 4443 1162,

1069 4472 1299 4522 erwdhnt
1335 4470 1484 4522 Arm.
1511 4471 1626 4522 Pie.
1653 4472 1724 4520 ad
1753 4474 1903 4522 1153.
1934 4474 2088 4523 1163.
2117 4474 2271 4522 1173.
2444 4469 2488 4537 ⁶)
2516 4470 2675 4521 Nach
2708 4471 2828 4521 dem
2862 4472 2979 4521 dort
3020 4472 3134 4537 (16)
3174 4470 3529 4530 befindliehen

1067 4560 1256 4623 Requi
1279 4560 1510 4610 laudum
1545 4558 1724 4609 latum
1765 4560 1908 4611 inter
1948 4562 2208 4611 comitem
2236 4558 2695 4610 Ildsbrandinum
2720 4566 2779 4609 et
2806 4560 3187 4611 Pannoehiam
3213 4566 3273 4611 et
3290 4560 3430 4611 alios
3452 4559 3528 4609 (16

1067 4651 1338 4699 Menzano
1375 4665 1538 4715 super
1573 4650 1727 4699 dieto
1765 4656 1947 4699 castro
1970 4652 2264 4712 (Menzani)
2286 4656 2343 4699 et
2380 4656 2566 4699 castro
2604 4649 2802 4699 Frosni
2828 4654 2885 4699 et
2922 4650 3248 4715 episcopum
3272 4655 3530 4715 tempore

1069 4739 1122 4789 d.
1151 4736 1390 4803 Galgani
1428 4754 1524 4804 per
1561 4739 1808 4788 consules
1835 4740 2115 4798 Senenses,
2154 4739 2499 4804 triplicatum
2526 4740 2598 4787 ist
2622 4738 2738 4788 eine
2770 4738 2968 4789 weitere
2993 4738 3042 4788 U
3046 4738 3251 4789 rkundo
3272 4739 3335 4789 in
3356 4738 3529 4789 dieser

1067 4828 1480 4891 Anqeloqenheit
1517 4828 1762 4877 ven-Ioron.
