3817 5642
929 580 1370 637 REGESTUM
1411 582 1463 636 V
1467 584 1793 639 OLATER
1804 586 1971 638 RAN
1974 586 2033 639 U
2036 587 2095 639 M
2638 592 2737 642 135

275 672 431 679 ——.-

1848 680 1976 685 -.—-—.-
2087 680 2400 687 ——-—--—-—

267 782 590 843 miserunt
629 798 746 857 pro
790 798 1005 841 annuo
1047 778 1266 841 affictu
1309 780 1402 841 VI
1445 782 1642 841 staria
1683 782 1886 858 grani;
1930 800 2076 861 pen.
2124 783 2187 843 X
2222 781 2331 843 lib.
2360 784 2504 847 den.
2589 786 2735 845 Act.

265 877 457 957 apud
497 896 545 937 s.
589 876 862 937 Mariam
901 877 984 937 de
1011 875 1342 937 Menzano.
1427 878 1753 942 MCCXX.
1782 898 1931 939 non.
1965 900 2100 957 apr.
2184 880 2471 942 Villanus
2506 880 2743 943 Gilloni

269 974 700 1036 Vulterranus
741 981 812 1035 et
851 974 1224 1053 Recuperus
1263 975 1502 1036 Burelli
1531 981 1610 1035 tt.
1699 976 2075 1039 Franciscus
2102 978 2209 1056 qd.
2242 979 2559 1057 Recuperi
2598 986 2735 1040 not.
2858 988 2862 991 “

609 1072 768 1134 Volt.
811 1071 1048 1135 AVesc.
1077 1091 1129 1132 ε.
1159 1071 1351 1133 XIII
1376 1072 1500 1133 dec.
1531 1074 1572 1133 2
1598 1094 1662 1135 π.
1695 1074 1776 1135 40
1801 1074 1976 1152 Oriq.

267 1233 420 1295 383.
1982 1234 2155 1307 Pisa,
2200 1236 2277 1295 11
2323 1235 2516 1313 April
2555 1234 2739 1296 1220.

399 1332 610 1393 Lucas
651 1328 852 1391 abbas
894 1350 940 1390 s.
987 1328 1172 1389 Pauli
1223 1329 1301 1390 de
1359 1330 1532 1408 Ripa
1571 1331 1726 1390 Arni
1771 1350 1887 1409 pro
1930 1351 1995 1391 so
2050 1338 2115 1391 et
2161 1332 2437 1411 archiep.
2482 1332 2737 1399 Pisano.

265 1430 462 1490 cuius
501 1426 707 1488 vicem
747 1428 932 1506 gerit,
976 1433 1042 1487 et
1085 1425 1409 1488 Soffredus
1452 1427 1722 1488 Pisanus
1750 1448 1889 1490 can.
1924 1428 2163 1489 iudices
2190 1427 2463 1509 delegati
2503 1450 2543 1491 a
2568 1449 2743 1509 papa

277 1528 804 1605 pronuntiarunt,
835 1525 1008 1605 quod
1037 1522 1394 1585 Mainectus
1419 1531 1797 1603 procurator
1837 1528 2204 1588 comunis
2246 1525 2461 1589 Vult.
2507 1528 2737 1587 inst-ru-

278 1631 504 1706 mento
542 1621 980 1683 Bartholomei
1021 1626 1156 1683 not.
1201 1623 1308 1703 qd.
1338 1621 1620 1683 Moronti
1645 1624 1946 1685 restituat
1976 1624 2203 1685 XXVI
2229 1622 2359 1696 lib„
2400 1626 2464 1685 in
2504 1626 2740 1703 quibus

275 1740 552 1783 comune
593 1721 1138 1799 condempnatum
1179 1719 1306 1780 fuit
1363 1719 1634 1781 Belforti
1688 1723 1816 1782 civi
1855 1719 2035 1784 Vult.
2081 1722 2163 1783 ab
2216 1702 2601 1800 archipresb.
2659 1722 2740 1783 de

272 1819 452 1885 Colle
492 1826 560 1879 ct
600 1816 924 1897 preposito
951 1816 1190 1878 Montis
1215 1816 1526 1879 Vultrarii
1553 1838 1596 1879 a
1621 1838 1794 1899 papa
1818 1819 2137 1881 iudicibus
2166 1820 2475 1899 delegatis
2504 1822 2737 1881 instru-

277 1925 504 1980 mento
547 1916 722 1977 Petri
760 1921 919 1989 not.;
965 1914 1248 1995 alioquin
1287 1936 1436 1977 eum
1477 1936 1606 1977 non
1649 1917 1936 1979 audient.
2041 1918 2185 1980 Act.
2231 1919 2391 1979 Pisis
2432 1917 2743 1979 Kinthice

271 2018 347 2081 in
389 2016 644 2097 porticu
683 2014 1012 2077 exterioris
1051 2011 1312 2075 claustri
1355 2036 1404 2075 s.
1451 2014 1639 2075 Pauli
1675 2015 1756 2075 de
1796 2014 1971 2095 Ripa
1999 2016 2175 2078 Arni.
2262 2017 2521 2077 Arlocto
2562 2016 2741 2079 iuris-

275 2118 510 2195 perit0.
554 2113 785 2176 Guitto
824 2112 905 2173 de
945 2112 1243 2175 Certaldo
1278 2113 1662 2191 iurisperitO.
1693 2114 2143 2194 Bentivengna
2162 2115 2276 2195 qd.
2308 2114 2631 2175 Dominici
2658 2119 2738 2176 tt.

279 2212 644 2284 MCCXXI,
700 2209 830 2272 ind.
892 2210 1074 2282 VIII,
1133 2208 1238 2272 111
1291 2211 1378 2272 id.
1435 2229 1572 2289 apr.
1671 2210 1867 2273 Falco
1923 2211 2311 2273 Bonaccursi
2365 2211 2471 2290 qd.
2528 2211 2573 2272 f.
2634 2232 2738 2291 ap.

269 2311 452 2372 eadm
495 2316 866 2467 nat-Florem
895 2404 1048 2465 Ast.
1083 2402 1269 2481 (Volt.
1301 2405 1460 2465 1221
1493 2404 1594 2467 IV
1623 2406 1721 2479 11,
1753 2426 1816 2467 n.
1847 2406 1993 2483 216)
2024 2404 2198 2483 Oriq.
2264 2464 2275 2475 ,

271 2570 423 2630 384.
1978 2564 2157 2638 Pica,
2202 2565 2283 2627 16
2324 2564 2517 2643 April
2557 2562 2739 2625 1220.

403 2662 566 2723 Cum
606 2657 840 2720 Vitalis
867 2659 1138 2719 Pisanus
1166 2660 1462 2737 archiep„
1494 2658 1702 2721 Lucas
1731 2659 1933 2721 abbas
1961 2679 2009 2721 s.
2043 2658 2226 2720 Pauli
2254 2659 2335 2720 de
2364 2657 2537 2737 Ripa
2564 2656 2739 2731 Arni,

269 2759 598 2823 soffridus
639 2776 779 2819 can.
825 2758 952 2818 Pis.
998 2776 1039 2817 a
1074 2776 1250 2837 papa
1288 2756 1530 2818 iudices
1569 2756 1850 2837 delegati
1888 2775 2082 2835 super
2119 2775 2315 2818 causa
2360 2757 2530 2816 inter
2573 2756 2741 2817 Cun-

273 2858 534 2929 radum,
583 2854 952 2927 Restm-tem,
998 2853 1312 2933 Sigerium
1353 2874 1452 2935 gg.
1495 2860 1567 2916 et
1605 2872 1945 2919 comune
1970 2853 2187 2914 Vult.
2224 2851 2461 2919 vellent
2487 2859 2739 2913 senten-

269 2958 444 3017 tiam
485 2955 668 3026 ferre,
711 2952 1024 3015 Soffridus
1065 2951 1454 3014 Mainettum
1496 2952 1808 3013 sindicum
1851 2953 2143 3013 comunis
2182 2952 2607 3031 peremptorie
2646 2950 2743 3011 in-

267 3054 570 3133 quisivit,
611 3058 691 3111 ut
731 3056 936 3111 staret
975 3051 1368 3111 sententiam
1411 3049 1777 3121 auditurus;
1810 3050 1923 3128 qui
1954 3048 2143 3110 semel
2174 3050 2503 3109 etiterum
2534 3050 2740 3126 requi-

277 3155 449 3213 situs
487 3148 695 3211 noluit
734 3149 1057 3208 interesse.
1145 3146 1286 3208 Act.
1331 3147 1493 3209 Pisis
1535 3149 1602 3207 in
1640 3150 1818 3209 curia
1859 3146 2137 3225 archiep.
2222 3146 2438 3207 Presb.
2483 3144 2741 3207 Iacobo.

273 3250 512 3328 Ugone
552 3247 716 3308 diac.
761 3243 1042 3305 Henrico
1097 3244 1522 3321 vic(ecomite)
1580 3244 2181 3324 archiepiscopatus.
2240 3243 2533 3303 Guidone
2586 3240 2743 3302 Mal-

275 3347 440 3427 pilii.
485 3343 848 3422 Arringerio
889 3342 1066 3405 Vult.
1113 3342 1428 3404 Ricovero
1469 3340 1726 3404 sensale.
1799 3340 2157 3413 MCCXXI,
2202 3341 2334 3401 ind.
2364 3340 2551 3411 VIII,
2584 3339 2743 3400 XVI

274 3444 413 3507 kal.
459 3442 629 3504 mad.
715 3438 1155 3520 Bonalbergus
1198 3440 1305 3520 qd.
1348 3438 1646 3501 Ventrilii
1685 3438 2089 3518 imperatoris
2129 3438 2321 3500 iudex
2364 3444 2433 3499 et
2476 3443 2609 3499 not.

608 3540 870 3601 Florem
913 3538 1067 3599 Ast.
1115 3537 1307 3615 (Vola.
1338 3538 1498 3600 1221
1526 3536 1630 3599 IV
1658 3537 1756 3611 16,
1788 3557 1849 3597 η.
1879 3537 2027 3615 217)
2058 3537 2230 3615 Oriq.

281 3710 424 3777 385.
1980 3707 2157 3779 Pisa,
2202 3707 2283 3768 16
2326 3706 2519 3783 April
2560 3706 2739 3767 1220.

402 3807 682 3869 Causam
725 3805 892 3867 inter
917 3804 1286 3867 Cunradum
1316 3805 1425 3883 qd.
1457 3804 1906 3865 Bonefidantie
1932 3810 2411 3882 procuratorem
2444 3802 2742 3861 Belfortis

279 3924 402 3985 pro
443 3923 520 3964 co
561 3909 630 3965 et
668 3922 755 3978 se,
801 3909 868 3963 et
907 3904 1075 3965 inter
1114 3903 1326 3981 ipsum
1367 3907 1726 3963 curatorem
1759 3902 1981 3981 Sigerii
2015 3922 2113 3982 gg.
2158 3922 2238 3963 ex
2280 3906 2468 3980 part-e
2506 3920 2639 3961 una
2678 3906 2745 3959 et

279 4000 727 4063 Izimbardum
767 3998 1083 4061 sindicum
1123 4000 1496 4061 comunis
1548 3997 1763 4059 Vult.
1807 4019 1887 4060 ex
1943 3997 2074 4059 alia
2113 4000 2299 4061 nobis
2345 3997 2593 4072 V(itali)
2642 3996 2742 4055 Pi-

281 4118 446 4167 sano
489 4098 788 4176 archiep„
817 4094 992 4157 Luce
1017 4095 1168 4157 abb.
1210 4115 1260 4157 s.
1292 4096 1477 4157 Pauli
1503 4096 1582 4157 de
1614 4095 1782 4175 Ripa
1813 4097 1991 4168 Arni,
2022 4094 2310 4156 Soffredo
2338 4095 2573 4155 Pisano
2600 4112 2741 4153 can.

281 4214 461 4275 papa
495 4194 816 4255 commisit
845 4194 911 4270 ¹).
955 4192 1036 4252 In
1075 4198 1300 4252 nostra
1343 4212 1502 4269 pres,
1551 4192 1886 4253 Cunradus
1930 4196 1998 4251 et
2038 4190 2311 4269 Sigerius
2352 4188 2663 4269 petebant
2705 4209 2745 4249 a

281 4290 684 4371 Franiepane
727 4290 1165 4368 Vic(ecomite)
1201 4295 1527 4367 potestate
1555 4288 1732 4350 Vult.
1761 4287 1870 4350 lib.
1900 4290 1967 4349 M
2001 4288 2147 4349 den.
2178 4308 2295 4367 pro
2338 4288 2637 4349 interesse
2677 4294 2745 4347 et

285 4392 527 4453 damno
566 4389 749 4451 illato
789 4390 1060 4451 Belforti
1099 4396 1168 4450 et
1207 4388 1466 4461 eisdem,
1511 4389 1620 4450 lib.
1663 4390 1862 4451 CCCC
1904 4408 2025 4467 pro
2064 4392 2383 4455 interesse,
2430 4386 2740 4467 expensis,

286 4488 543 4549 damnis
583 4507 708 4567 que
749 4487 1116 4547 habuerunt
1149 4487 1194 4565 [.
1219 4534 1230 4547 .
1253 4534 1266 4547 .
1289 4486 1332 4566 .]
1356 4489 1425 4564 ²),
1452 4485 1607 4547 alias
1631 4486 1832 4548 CCCC
1853 4504 1970 4565 pro
1990 4486 2261 4558 damnis,
2290 4507 2413 4567 que
2442 4484 2746 4545 Belfortis

435 4706 474 4768 ¹)
511 4704 672 4755 Sichc
707 4704 838 4755 oben
872 4720 926 4755 n.
967 4706 1086 4755 364.
1235 4706 1278 4766 ²²)
1319 4704 1560 4755 GrOs-scrc
1597 4704 1798 4755 Stellcn
1835 4720 1973 4767 qanz
2009 4704 2322 4761 verblichem
2362 4718 2469 4753 nur
2506 4718 2643 4766 qauz
2668 4702 2741 4751 si-

287 4795 434 4845 chero
457 4794 861 4857 Εναᾶσκωιροπ
891 4794 1113 4843 war-den
1148 4793 1576 4856 auchnonmcn.
