3817 5642
940 559 1386 615 REGESTUM
1424 559 2115 614 VOLATERRANUM
2687 559 2755 612 21

285 757 531 817 seimus
566 756 766 817 levita
807 763 874 816 81)
903 755 1051 816 kan.
1083 756 1373 817 Andreas
1403 755 1610 835 presb.
1642 763 1708 815 et
1738 775 1876 817 888.
1914 755 2233 818 Iohannes
2263 755 2471 835 presb.
2504 761 2568 815 et
2603 755 2753 816 kan.

289 853 748 914 Ermendricus
787 852 1020 938 presb..
1042 859 1108 912 et
1150 872 1290 913 can.
1337 852 1738 914 Rainboldus
1781 852 1989 931 presb.
2041 859 2107 913 81)
2163 852 2311 924 ken,
2358 853 2504 913 Allo
2544 852 2752 931 presb.

285 956 361 1011 et
401 969 544 1011 can.
587 950 911 1029 Teuperto
951 949 1160 1028 presb.
1205 957 1272 1010 et
1312 969 1452 1011 can.
1496 949 1724 1011 Albizo
1764 951 1967 1010 levita
2006 955 2075 1011 et
2116 969 2255 1011 can.
2302 949 2587 1012 Rodulfo
2634 951 2754 1013 cle-

289 1049 460 1108 ricus
503 1054 570 1108 et
597 1068 737 1109 can.
753 1047 1089 1110 'Sialberto
1125 1054 1207 1108 tt.
1238 1047 1624 1109 Lambertus
1666 1067 1748 1108 ss.
1795 1047 2027 1109 Petrus
2070 1048 2262 1110 iudex
2302 1051 2436 1128 inp.
2468 1068 2549 1109 ss.
2577 1049 2639 1112 S.
2665 1069 2750 1110 m.

287 1145 550 1207 Rodulfi
595 1145 642 1206 f.
688 1146 750 1207 1).
793 1166 878 1206 m.
921 1148 1077 1206 item
1108 1145 1366 1206 Rodulfi
1398 1150 1478 1205 tt.
1564 1144 1931 1206 Gherardus
1972 1151 2105 1206 not.
2152 1148 2284 1224 inp.

623 1244 783 1306 Volt.
815 1243 1036 1322 AOap.
1067 1263 1129 1303 η.
1161 1243 1245 1304 28
1270 1243 1442 1320 Θήρ.
1474 1243 1560 1304 In
1587 1242 1766 1303 dorso
1793 1263 1842 1304 s.
1873 1243 1984 1304 XI
2024 1243 2145 1304 hoc
2172 1245 2485 1322 scriptum
2514 1245 2749 1306 refuta-

614 1347 850 1402 verunt
889 1339 1266 1419 longobardi
1293 1339 1374 1400 de
1410 1339 1474 1400 N
1473 1341 1587 1411 ira,
1632 1339 1805 1400 unde
1847 1345 1943 1400 est
1985 1340 2144 1400 illud
2185 1340 2375 1400 breve
2417 1329 2779 1420 seriptum*

615 1438 790 1517 quod
818 1457 960 1499 cum
1005 1457 1082 1498 eo
1109 1439 1478 1499 continetur
1507 1439 1734 1512 (weiter
1772 1437 2000 1499 andere
2036 1438 2233 1500 Hand
2270 1458 2323 1498 ε.
2366 1438 2498 1514 XI)
2541 1440 2642 1501 vel
2682 1441 2749 1501 in

611 1521 834 1596 nostro
877 1535 1124 1598 archari
1167 1535 1463 1598 habetur.

277 1769 384 1828 61.
1851 1766 2151 1838 Volterra,
2194 1768 2274 1829 15
2314 1768 2565 1845 Anqust
2605 1769 2744 1832 979.

404 1866 616 1927 Otto
597 1885 724 1944 inp.
770 1865 998 1926 Ottoni
1043 1865 1174 1944 inp.
1221 1864 1283 1925 1).
1318 1885 1399 1924 m.
1432 1864 1478 1926 f.
1515 1884 1574 1926 a.
1609 1864 1766 1938 XII,
1799 1863 2034 1926 XVIII
2062 1865 2187 1925 kal.
2220 1871 2392 1938 881)1).,
2431 1867 2561 1928 ind.
2594 1867 2742 1930 VH.

273 1963 570 2025 Gundo
610 1963 772 2024 diac.
817 1962 862 2023 f.
907 1962 970 2023 b.
1017 1983 1102 2022 m.
1149 1961 1476 2024 Ildiharde
1520 1963 1717 2024 vindo
1756 1963 2064 2023 Anselmo
2104 1961 2268 2023 diac.
2306 1969 2373 2024 et
2417 1964 2745 2028 Grimaldo

273 2079 393 2120 seu
434 2058 780 2120 Uuillelmo
821 2077 925 2138 gg.
970 2058 1016 2119 f.
1063 2058 1124 2118 1).
1171 2076 1255 2117 m.
1287 2057 1656 2119 Cunicunde
1697 2078 1822 2137 que
1865 2057 2121 2118 Cunitia
2150 2078 2289 2120 voc.
2320 2079 2541 2121 omnes
2569 2080 2743 2122 meas

273 2156 680 2217 massaritias
733 2155 902 2216 infra
956 2157 1300 2216 comitates
1349 2161 1415 2215 et
1471 2157 1834 2216 territurias
1888 2155 2100 2216 Volot.
2146 2157 2211 2216 in
2259 2155 2577 2230 Casscina,
2622 2157 2742 2220 Ge-

275 2256 592 2327 miniano,
645 2253 904 2325 00111118,
956 2252 1314 2334 Gerignano
1367 2254 1578 2333 adque
1639 2255 1816 2314 intus
1880 2255 2215 2314 civitatem
2276 2255 2514 2329 Volet„
2572 2257 2743 2318 unde

270 2353 488 2431 recepi
529 2371 662 2430 arg.
693 2353 806 2413 sol.
837 2353 1091 2412 tricenti
1122 2351 1190 2410 in
1218 2351 1549 2430 prefinito;
1582 2369 1726 2430 pen.
1749 2351 1950 2430 dupli.
2036 2350 2180 2411 Act.
2211 2351 2424 2414 Volot.
2508 2351 2742 2415 Gundo

271 2449 444 2510 diac.
469 2469 554 2509 88.
585 2448 648 2511 S.
681 2469 766 2508 m.
790 2448 1062 2509 Iohanni
1093 2447 1140 2508 f.
1166 2447 1228 2508 b.
1261 2467 1346 2528 m.
1377 2446 1714 2508 Cuncta-di.
1745 2447 2032 2508 Liutolfo
2058 2467 2139 2508 88.
2172 2447 2235 2509 S.
2268 2467 2351 2508 m.
2386 2448 2741 2511 Ildibrandi

267 2549 321 2609 f.
355 2549 420 2608 b.
453 2569 542 2608 m.
576 2546 908 2608 Adalberti
952 2567 1013 2625 q.
1047 2547 1254 2606 Atitio
1284 2566 1422 2606 voc.
1454 2545 1630 2606 Petri
1670 2545 1715 2606 f.
1750 2545 1811 2605 1).
1845 2567 1929 2606 m.
1960 2545 2254 2607 Ualberti
2284 2553 2365 2607 tt..
2398 2547 2627 2609 Petrus
2656 2554 2737 2608 tt.

271 2643 656 2706 Uuillerado
696 2649 776 2704 tt.
822 2663 904 2704 ss.
949 2644 1180 2704 Pet-rus
1219 2642 1413 2703 iudex
1455 2643 1587 2720 inp.
1632 2662 1714 2702 ss.
1758 2641 2149 2704 Adalbertus
2190 2650 2324 2704 not.
2358 2646 2511 2724 imp.
2543 2649 2623 2705 tt.
2654 2665 2737 2707 88.

269 2741 648 2802 Gherardus
688 2747 824 2801 not.
871 2742 1000 2820 inp.

609 2837 766 2900 Volt.
811 2837 1031 2916 ACap.
1075 2858 1140 2898 n.
1175 2837 1258 2898 27
1284 2836 1456 2914 Oriq.

263 3071 368 3130 62,
1939 3066 2232 3141 Volterra,
2277 3068 2554 3131 Februar
2594 3071 2735 3132 980.

391 3166 557 3228 Otto
599 3167 729 3245 inp.
761 3185 820 3226 8.
852 3165 1046 3234 XIII,
1074 3164 1226 3239 feb„
1259 3166 1391 3226 ind.
1423 3165 1608 3226 VIII.
1693 3164 1744 3224 G
1765 3164 1980 3227 undo
2020 3165 2361 3227 archidiac
2408 3170 2735 3246 preposita

263 3284 317 3324 8.
379 3262 784 3326 Ο1)1)81)1)1881
839 3265 1012 3323 iusta
1057 3261 1288 3323 domus
1341 3264 1750 3342 episcopatus
1805 3282 1856 3322 8.
1912 3262 2111 3321 Marie
2166 3262 2376 3323 Volot.
2420 3283 2534 3341 per
2586 3283 2734 3326 con-

267 3380 532 3422 sensum
575 3361 982 3446 sacerdotum
1030 3379 1172 3420 can.
1203 3361 1559 3438 iratorum¹
1573 3365 1593 3438 )
1644 3379 1931 3420 meorum
1961 3358 2069 3419 lib.
2130 3361 2263 3420 iure
2291 3359 2479 3422 firmo
2514 3362 2735 3422 Roitio

261 3465 331 3518 et
363 3458 564 3518 Petro
591 3477 694 3538 gg.
723 3456 770 3517 f.
802 3457 1043 3530 Manni,
1074 3458 1360 3536 genitore
1389 3458 1849 3528 consentiente,
1880 3457 2011 3516 duo
2038 3463 2261 3529 sorteS‚
2293 3458 2357 3517 in
2389 3457 2731 3537 Ulignano,

263 3557 400 3614 iam
442 3572 494 3613 r.
535 3572 652 3632 per
695 3551 804 3631 qd.
849 3554 1122 3618 Iohanni
1158 3573 1371 3626 mass,
1401 3560 1468 3613 et
1508 3555 1576 3614 in
1602 3553 1987 3632 CusignanO,
2031 3554 2161 3614 iam
2203 3574 2252 3613 r.
2297 3573 2411 3633 per
2451 3552 2559 3633 qd.
2598 3555 2731 3616 Fri-

257 3651 424 3712 dulo
458 3668 674 3722 mass,
703 3651 960 3712 insimul
989 3669 1138 3710 cum
1165 3650 1372 3712 tribus
1399 3649 1590 3729 petiis
1619 3650 1700 3711 de
1727 3655 1899 3710 terra
1926 3649 2013 3710 ad
2038 3669 2254 3711 casam
2290 3651 2358 3711 in
2387 3650 2730 3732 UlignanO,

262 3748 664 3821 tenentibus,
708 3748 1015 3809 laboratis
1057 3767 1169 3827 per
1209 3749 1318 3827 qd.
1363 3745 1727 3819 ArdibertO,
1771 3753 1833 3808 et
1886 3748 2015 3808 8118
2068 3751 2245 3826 Ρ81)18
2299 3750 2365 3809 18
2410 3749 2732 3828 Ulignano

257 3865 394 3926 que
447 3846 730 3906 detinuit
770 3846 1132 3918 UuillelmO,
1177 3852 1254 3907 ut
1294 3846 1562 3908 solvatis
1603 3847 1670 3907 in
1723 3845 1870 3906 fest.
1915 3865 1964 3906 8.
2021 3846 2246 3907 Μ8τ18
2274 3847 2445 3907 infra
2499 3853 2730 3926 agusto

257 3944 348 4004 ad
377 3944 692 4004 canonica
709 3962 888 4022 pens.
918 3945 1238 4004 arientum
1266 3943 1412 4008 den.
1439 3941 1734 4003 XXXVI
1757 3941 1820 4003 b.
1845 3962 2023 4022 exsp.
2055 3943 2263 4022 qualis
2284 3963 2399 4022 per
2418 3950 2619 4022 temp.
2645 3964 2728 4010 ο.;

257 4062 410 4121 pen.
440 4043 767 4102 arientum
800 4042 915 4102 sol.
945 4043 1306 4102 sexxaint-a.
1393 4041 1538 4122 Act.
1571 4040 1919 4101 Voloterre.
2004 4039 2237 4101 Gundo
2279 4060 2361 4100 88.
2408 4039 2470 4100 S.
2517 4061 2603 4100 m.
2645 4041 2729 4103 de

253 4141 456 4201 dictis
485 4159 589 4219 gg.
616 4139 862 4210 Manni,
906 4139 1018 4218 qui
1047 4137 1190 4198 filiis
1231 4139 1540 4199 consensi.
1585 4137 1990 4200 Rainbaldus
2032 4138 2420 4219 archipresb.
2464 4144 2529 4208 et
2574 4138 2725 4200 kan.

254 4238 604 4300 Anselmus
645 4237 848 4298 levita
888 4243 956 4316 81)
995 4257 1138 4298 088.
1181 4237 1326 4298 Allo
1367 4237 1576 4316 presb.
1621 4241 1688 4297 et
1730 4257 1872 4297 can.
1920 4235 2371 4298 Ermendricus
2415 4237 2627 4315 presb.
2661 4244 2728 4297 et

249 4355 404 4397 can.
447 4333 822 4396 Uuillerado
860 4339 942 4394 tt.
985 4354 1068 4394 ss.
1113 4333 1176 4396 S.
1214 4353 1299 4394 m.
1342 4334 1642 4395 Uuiberti
1672 4332 1717 4393 f.
1746 4332 2066 4394 Cuneradi
2095 4339 2175 4394 tt.
2209 4332 2377 4395 Oddi
2412 4333 2459 4394 f.
2506 4351 2723 4412 supra-

251 4433 486 4512 scripti
527 4431 824 4492 Uuiberti
857 4437 936 4490 tt.
1020 4431 1410 4492 Adalbertus
1451 4437 1586 4492 801).

593 4528 753 4590 Volt.
801 4529 1020 4607 ACap.
1055 4548 1114 4588 n.
1147 4529 1230 4590 30
1265 4529 1437 4607 Oriq.

405 4762 448 4823 ¹)
485 4759 579 4814 So.
