3817 5642
97 4665 102 4764 ἱ

99 4769 104 4840 l

888 563 1333 618 REGESTUM
1370 563 2058 620 VOLATERRANUM
2599 567 2704 620 2319

234 757 385 820 667.
1919 759 2200 836 Απαρηί,
2248 761 2288 820 5
2328 761 2478 822 Juli
2521 761 2700 824 1256.

365 857 833 918 Alexander
874 856 981 919 IV
1022 857 1252 918 abbati
1292 877 1341 918 s.
1387 857 1553 917 Iusti
1596 858 1771 918 Vult.
1872 857 2160 930 Mandat,
2192 861 2518 937 quatinus,
2556 879 2704 920 cum

234 953 637 1030 R(ainerius)
680 952 921 1015 electus
962 953 1140 1015 Vult.
1186 956 1547 1015 iuramento
1594 955 1980 1032 promiserit,
2023 953 2200 1034 quod
2254 975 2369 1016 nec
2425 953 2706 1016 alienata

240 1053 417 1114 bona
478 1054 887 1130 episcopatus
948 1059 1279 1114 revocaret
1326 1072 1434 1114 nec
1486 1059 1863 1130 recuperata
1925 1053 2256 1124 alienaret,
2313 1053 2702 1132 quibusdam

233 1150 823 1212 communitatibus
865 1157 933 1212 et
972 1153 1259 1230 personis
1300 1152 1541 1223 invitis,
1587 1151 2022 1212 iuramentum
2061 1153 2312 1214 irritum
2341 1152 2706 1215 denunciet.

235 1269 264 1307 (ι
291 1247 397 1307 Ad
441 1247 903 1309 audientiam».
994 1248 1143 1308 Dat.
1194 1249 1483 1326 Anagnie
1527 1248 1631 1310 ΙΙΙ
1674 1268 1821 1310 non.
1868 1247 1996 1320 iul„
2043 1255 2222 1328 pont.
2270 1247 2356 1308 11.

576 1344 731 1406 Volt.
766 1345 821 1404 A
836 1345 1001 1406 Veec.
1034 1365 1085 1405 8.
1118 1344 1307 1406 XIII
1334 1345 1455 1406 dec.
1489 1345 1528 1405 6
1554 1367 1616 1405 π.
1648 1345 1729 1406 28
1757 1345 1928 1421 Oriq.
1963 1345 2180 1420 (Bane
2206 1346 2524 1420 verloren).

236 1550 387 1608 668.
1886 1549 2166 1626 4na9ni.
2210 1550 2292 1610 10
2330 1549 2482 1611 Juli
2523 1549 2704 1610 1256.

369 1645 836 1707 Alexander
879 1646 982 1706 IV
1026 1649 1334 1726 magistro
1376 1646 1634 1708 Ubaldo
1676 1647 2052 1726 cappellano
2094 1668 2229 1708 suo.
2315 1647 2469 1726 Ipsi,
2514 1667 2752 1726 quem·

238 1764 361 1822 pro
393 1745 667 1822 negotiis
692 1747 1102 1824 episcopatus
1132 1743 1306 1804 Vult
1339 1744 1423 1804 ad
1452 1750 1669 1822 partes
1688 1745 1917 1806 Tuscie
1938 1745 2292 1806 destinavit
2320 1749 2384 1821 ¹)
2416 1745 2706 1819 mandat,

238 1843 560 1920 quatinus
602 1841 925 1920 procedat,
974 1862 1099 1902 non
1144 1841 1558 1902 obstantibus
1604 1842 1980 1904 iuramentis
2020 1863 2060 1903 a
2106 1844 2460 1918 (Rainerio)
2505 1841 2710 1904 electo

236 1937 428 1998 Vult.
474 1938 775 2016 prestitis,
860 1939 1071 1998 «Cum
1114 1944 1245 1998 te».
1334 1939 1483 1998 Dat.
1530 1939 1820 2018 Anagnis
1866 1939 1956 1999 VI
2001 1938 2085 1999 id.
2129 1939 2264 2006 iul..
2309 1945 2489 2018 pont.
2537 1937 2624 1998 11.

582 2034 734 2095 Volt.
766 2035 1003 2096 AVesc.
1032 2056 1085 2094 8.
1116 2035 1305 2095 XIII
1333 2035 1456 2096 dec.
1490 2037 1528 2094 6
1555 2057 1617 2096 n.
1650 2036 1731 2096 29
1758 2035 1928 2114 Θήῃ.
1959 2037 2168 2114 (Bane
2208 2037 2525 2111 verloren).

240 2241 385 2301 669.
1416 2241 1419 2245 ’
1890 2240 2171 2316 Anauni,
2216 2238 2293 2298 11
2335 2239 2486 2300 Juli
2527 2238 2706 2300 1256.

370 2337 619 2398 Alexa
644 2337 741 2396 nd
758 2357 791 2396 c
810 2356 839 2396 r
868 2336 900 2396 Ι
918 2335 974 2394 V
1004 2336 1374 2397 Florentino
1398 2339 1465 2412 ἵ),
1500 2339 1761 2398 Lucano
1785 2341 1853 2412 ¹¹),
1878 2337 2263 2398 vulterrano
2282 2341 2350 2414 ⁴),
2375 2336 2639 2398 Senensi
2661 2339 2708 2410 ¹¹)

240 2436 566 2515 episcopis
609 2443 673 2494 et
716 2434 897 2495 cleris
939 2435 1261 2494 dictarum
1302 2435 1467 2495 dioc.
1566 2434 1851 2508 Querelis
1911 2433 2166 2496 abbatis
2218 2442 2288 2496 et
2339 2435 2710 2496 monasterii

240 2555 291 2594 s.
338 2533 545 2594 Marie
587 2533 667 2593 dc
708 2535 1007 2596 Morrona
1060 2541 1422 2595 commotus
1478 2533 1769 2604 mandat,
1830 2531 2140 2612 quatinus
2194 2534 2520 2594 invasores
2573 2532 2712 2593 eius

241 2633 829 2692 excommunicent.
912 2655 939 2690 e
960 2631 1109 2690 Non
1138 2629 1381 2709 absque
1409 2652 1453 2690 a».
1540 2631 1691 2690 Dat.
1722 2631 2014 2709 Anagnie
2037 2631 2092 2690 V
2125 2630 2207 2690 id.
2239 2631 2371 2698 iul..
2401 2637 2584 2708 pont.
2619 2631 2706 2692 ΙΙ.

588 2727 741 2788 Volt.
786 2729 1026 2788 AVesc.
1072 2729 1245 2806 App.
1286 2749 1337 2788 ε.
1382 2727 1571 2818 XIII
1614 2749 1677 2788 n.
1723 2728 1761 2787 5
1805 2727 1978 2804 Orio.
2021 2727 2228 2804 (Bulle
2253 2729 2544 2788 verloren.
2577 2727 2712 2802 Aut

574 2825 678 2886 der
732 2825 1059 2886 Rani-scite
1115 2825 1576 2902 Camnldulen).

240 3033 389 3095 670.
1775 3105 1784 3112 .
1857 3031 2069 3100 Siena,
2113 3032 2194 3091 19
2234 3031 2488 3092 Oktober
2534 3031 2708 3092 1256.

376 3128 733 3190 Rollandus
774 3130 881 3207 qd.
928 3129 1340 3206 Bonsignoris
1382 3130 1543 3189 civis
1580 3137 1647 3189 et
1690 3135 2008 3189 mercator
2052 3129 2195 3190 Sen.
2239 3149 2356 3207 pro
2396 3149 2462 3190 se
2503 3137 2570 3189 et
2605 3129 2710 3189 he·

242 3227 515 3288 redibus
557 3227 662 3304 qd.
708 3227 1020 3288 Bonifatii
1064 3227 1475 3306 Bonsignoris
1512 3225 1752 3297 fratris,
1794 3229 2106 3287 societate
2145 3235 2210 3287 et
2251 3227 2456 3298 sociis,
2500 3233 2569 3288 et
2609 3226 2710 3287 Ia·

242 3327 451 3388 cobus
472 3325 781 3386 Rainaldi
798 3333 869 3386 et
888 3325 1335 3386 Christofonus
1361 3325 1693 3386 Tliolomei
1716 3327 1888 3385 cives
1911 3331 1979 3386 et
2009 3331 2394 3386 mercatores
2421 3325 2564 3386 sen.
2599 3345 2712 3403 pro

214 3445 333 3496 .se‚
364 3420 713 3484 heredibus
754 3423 905 3484 olim
948 3421 1388 3484 Bartholomci
1429 3421 1821 3484 Christofani
1862 3421 1944 3481 de
1985 3422 2366 3494 Tholoniei8‚
2405 3424 2713 3484 societate

243 3529 309 3582 et
342 3522 535 3582 sociis
563 3525 1073 3598 prorogaverunt
1102 3519 1493 3580 Rainerio
1535 3519 1712 3580 Vult.
1758 3517 1964 3580 electo
2003 3521 2348 3582 terminum
2371 3519 2716 3582 solutionis

244 3620 463 3680 fiendo
502 3617 654 3680 hinc
694 3618 779 3678 ad
820 3616 944 3679 kal.
990 3624 1177 3679 mart.
1222 3627 1289 3678 et
1330 3619 1567 3690 abinde
1610 3619 1692 3679 ad
1735 3617 1803 3678 ΙΙ
1848 3638 2054 3679 annos
2091 3619 2171 3680 de
2228 3617 2560 3679 MMMMD
2602 3617 2710 3678 lib.

242 3719 396 3778 den.
430 3717 578 3778 Seu.
608 3718 861 3788 minut.‚
894 3719 1005 3794 qui
1034 3722 1289 3777 restant
1314 3716 1397 3778 de
1426 3716 1949 3778 MMMMMMDO
1977 3716 2109 3790 lib.‚
2141 3718 2202 3776 in
2234 3715 2470 3794 quibus
2497 3717 2586 3775 eis
2614 3722 2713 3775 est

248 3815 578 3894 obligatus
599 3819 781 3874 carta
801 3811 1017 3892 Egidii
1044 3813 1154 3892 qd.
1186 3813 1560 3886 Guasoonis,
1591 3813 1749 3874 data
1780 3813 2091 3884 MCCLII,
2125 3813 2252 3874 ind.
2284 3812 2405 3880 xl,
2431 3813 2538 3874 ΠΙ
2558 3833 2710 3876 non.

246 3919 446 3973 mart.
474 3913 544 3986 ⁸),
587 3912 745 3971 item
786 3910 873 3970 ad
914 3911 1189 3972 eundem
1231 3913 1577 3972 terminum
1621 3910 1703 3970 de
1748 3910 2156 3971 MMMMMM
2196 3909 2304 3970 lib.
2362 3911 2508 3971 den.
2567 3909 2710 3970 Sen.

248 4012 513 4080 minut„
540 4010 605 4068 in
634 4005 869 4086 quibus
896 4017 993 4068 est
1024 4009 1112 4068 cis
1140 4008 1465 4086 obligatus
1491 4013 1672 4068 carta
1703 4008 1934 4087 Egidii,
1969 4007 2125 4069 data
2159 4007 2546 4078 MCCLIIII,
2579 4007 2710 4069 ind.

247 4106 417 4176 XII,
448 4103 573 4166 kal.
606 4111 789 4184 sept„
818 4112 886 4166 et
916 4107 1343 4186 promiserunt
1371 4104 1568 4167 nichil
1594 4112 1813 4184 petere
1840 4124 1959 4184 pro
1986 4125 2171 4184 pena,
2203 4104 2521 4183 dampnis,
2550 4106 2711 4166 inte-

250 4223 449 4275 resse,
472 4203 785 4281 expensis,
816 4203 1283 4263 accessionibus
1312 4221 1426 4280 pro
1455 4221 1549 4272 cc,
1583 4201 1755 4281 quod
1785 4221 2032 4262 summe
2061 4221 2190 4261 non
2211 4201 2476 4264 fuerunt
2497 4203 2561 4262 in
2587 4209 2712 4263 ter·

402 4425 446 4488 ¹)
488 4413 629 4474 Uber
662 4426 805 4475 dione
842 4425 1257 4488 Anqsleqenheit
1299 4426 1367 4473 int
1405 4425 1755 4486 einqehender
1793 4425 2056 4474 «Binum
2091 4426 2206 4474 und
2245 4424 2668 4484 Geldwimohast
2689 4439 2712 4472 t

254 4518 323 4566 II
360 4517 468 4566 301
508 4514 799 4578 ριήαηᾶἀε.
844 4561 857 4574 ,
937 4515 979 4576 ³)
1018 4513 1287 4562 Iohanni.-
1411 4513 1455 4577 ⁸)
1494 4513 1754 4564 HenricO.
1911 4519 1952 4576 ⁸)
1980 4514 2261 4563 RaineriO.
2409 4511 2452 4578 ⁸)
2480 4515 2708 4565 Thome.

253 4605 297 4668 ⁸)
338 4605 481 4656 1253
522 4605 681 4653 Μᾶη
720 4605 780 4660 5,·
818 4602 1101 4666 veroleiche
1130 4602 1258 4653 iiber
1281 4603 1422 4651 diest
1451 4603 1680 4652 Anleike
1708 4603 1822 4652 und
1850 4603 2150 4666 uberhaupt
2175 4603 2304 4652 iiber
2327 4605 2427 4654 das
2456 4605 2518 4654 in
2543 4604 2712 4653 Siena

256 4693 389 4744 ASt.
427 4691 739 4750 bcflndh‘che
778 4691 1042 4740 Macer-iaz
1076 4691 1173 4750 [ἂν
1207 4691 1293 4739 die
1332 4691 1709 4753 Beziehunqcn
1746 4691 1980 4740 Raincrs
2016 4707 2087 4740 zu
2121 4691 2228 4740 den
2267 4693 2495 4744 Banken
2530 4693 2710 4741 Βηση-

255 4781 465 4844 siqnori
504 4781 615 4828 und
652 4779 893 4828 Tolumni
930 4779 990 4828 in
1026 4779 1195 4828 Siena
1232 4797 1255 4828 a
1280 4779 1491 4827 Binum
1542 4780 1653 4826 und
1706 4779 2170 4838 Gelda-t'rtschajt»
2206 4780 2276 4828 II
2317 4781 2566 4832 294-300.
