3817 5642
1093 570 1200 625 268
1739 572 2183 625 REGESTUM
2226 570 2907 625 VOLATERRANUM

1095 785 1212 845 pro
1253 786 1398 846 rege
1439 767 1671 827 Carulo
1711 768 2043 829 occasione
2084 766 2377 827 mandati
2418 768 2577 828 facti
2606 769 2861 828 comuni
2902 786 3017 845 per
3052 768 3302 827 litteras
3331 768 3539 827 vicarii

1094 881 1210 940 pro
1255 864 1540 924 Gerardo
1581 863 1660 923 dc
1703 864 2091 933 Montaione,
2132 864 2406 924 volendo
2450 862 2831 941 respondere
2874 861 3157 923 Gerardo
3196 862 3280 923 de
3322 865 3455 923 inre
3480 872 3541 922 et

1096 959 1430 1019 ostendere
1485 962 1931 1021 excusationes
1984 962 2273 1021 comunis
2328 980 2522 1039 super
2580 962 2719 1021 eius
2778 962 3113 1038 petitione.
3178 959 3541 1021 Guilielmus

1094 1056 1286 1117 iudex
1315 1056 1630 1117 sindicum
1677 1056 1872 1116 habet
1901 1064 2363 1135 presentatum.
2450 1058 2551 1118 XI
2582 1060 2709 1118 iun.
2804 1056 2885 1117 In
2912 1057 3259 1118 Castilione
3286 1058 3541 1117 Aretino

1094 1160 1248 1213 ante
1292 1154 1556 1213 domum
1601 1152 1854 1214 Bunani
1899 1152 2231 1221 Barlettai,
2279 1154 2391 1215 ubi
2432 1154 2843 1233 ospitabatur
2886 1153 3281 1215 Guilielmus.
3402 1156 3541 1214 Rai-

1097 1252 1290 1313 naldo
1329 1251 1538 1312 iudice
1565 1257 1632 1311 et
1663 1260 1794 1311 not.
1827 1252 1936 1329 qd.
1970 1252 2289 1312 Rainaldi.
2332 1252 2583 1313 Gianne
2622 1252 2703 1312 dc
2730 1252 3075 1313 castilione
3102 1254 3389 1313 Aretino.
3419 1251 3541 1313 Sal·

1093 1351 1318 1411 vuccio
1359 1348 1670 1410 Gualterii
1713 1350 1792 1409 de
1843 1350 2016 1411 Vult.
2076 1356 2155 1409 tt.
2256 1348 2549 1411 Sindicus
2592 1351 2829 1410 iterato
2870 1369 2937 1409 se
2980 1352 3446 1427 representavit
3483 1356 3541 1408 et

1093 1452 1490 1525 protestatus
1531 1455 1648 1514 est,
1693 1448 1868 1525 quod
1908 1466 2181 1507 comune
2208 1448 2408 1509 habet
2437 1450 2535 1507 ius
2566 1448 2833 1525 eligendi
2870 1454 3257 1526 potestatem
3288 1454 3357 1506 et
3386 1468 3540 1507 nunc

1091 1563 1210 1622 pro
1249 1551 1577 1622 potestate
1619 1545 2085 1606 Bernardinum
2130 1546 2211 1605 de
2252 1544 2503 1605 Perolls.
2542 1546 2623 1605 de
2679 1544 3071 1605 Panocchiis.
3132 1544 3408 1609 Induxit
3458 1548 3541 1604 in·

1093 1647 1528 1703 strumentum
1575 1642 1951 1703 Bernardini
1992 1650 2123 1703 not.
2162 1642 2271 1721 qd.
2302 1644 2579 1721 Ugolini,
2614 1642 2789 1703 aliud
2820 1642 3143 1703 electionis
3172 1642 3543 1703 Bernardini

1097 1758 1290 1799 manu
1337 1738 1730 1801 Bencivenni
1773 1746 1904 1800 not.
1964 1740 2044 1801 de
2102 1740 2403 1809 Burian0‚
2464 1760 2661 1800 unum
2718 1760 2839 1819 par
2882 1740 3241 1801 litterarum
3298 1742 3542 1801 comitis

1095 1836 1407 1898 Guidonis
1453 1836 1536 1895 de
1583 1837 1989 1907 Monteforte,
2034 1844 2191 1899 tunc
2233 1840 2380 1915 regii
2435 1840 2675 1909 vicarii,
2722 1840 2801 1900 de
2856 1840 2992 1899 eius
3046 1838 3538 1900 confirmatione.

1096 1934 1438 2011 Proposuit
1479 1934 1654 2011 quod
1695 1954 1966 1996 comune
2018 1934 2221 1996 habet
2274 1936 2775 1996 instrumentum
2834 1934 3278 1996 Ildebrandini
3332 1941 3460 1995 not.
3500 1935 3539 1995 f.

1095 2032 1418 2093 Sismondi
1457 2034 1538 2093 de
1579 2034 1894 2094 fidelitate
1934 2039 2247 2095 renovata
2293 2054 2333 2095 a
2369 2034 2615 2093 sindico
2648 2034 2939 2094 comunis
2966 2033 3247 2095 Iohanni
3276 2033 3541 2095 Britsldi

1095 2136 1252 2189 tunc
1295 2132 1466 2210 regio
1507 2132 1748 2191 vicario
1775 2130 1855 2191 de
1897 2150 2196 2209 expresso
2238 2131 2549 2192 mandato
2590 2133 2754 2209 regis
2782 2130 2903 2191 sub
2934 2130 3171 2191 eisdem
3200 2132 3540 2192 condictio·

1099 2226 1288 2287 nibus
1315 2246 1390 2287 ac
1419 2230 1486 2287 in
1513 2230 1944 2289 instrumento
1974 2228 2351 2289 Boi-nardini
2380 2232 2443 2303 ¹),
2474 2230 2544 2289 in
2568 2248 2699 2307 quo
2725 2229 2888 2289 dicit
2918 2230 3229 2289 contineri
3256 2248 3543 2307 expresse

1095 2324 1174 2384 de
1216 2344 1485 2387 comune
1529 2324 1723 2385 Vult:
1785 2326 2025 2387 ‘habet
2078 2328 2175 2387 ius
2232 2327 2501 2403 eligendi
2550 2334 2617 2385 et
2674 2325 2953 2387 habendi
3007 2328 3075 2385 in
3132 2333 3539 2405 potestatem,

1093 2442 1286 2501 quom
1327 2424 1530 2483 vult’.
1616 2422 1781 2485 Acta
1823 2426 2287 2501 representatio
2330 2426 2535 2501 prima
2580 2425 2644 2483 in
2673 2424 2857 2502 plebe
2885 2424 3247 2486 castilionis
3276 2424 3540 2490 Armini,

1092 2520 1200 2579 ubi
1245 2522 1344 2580 ius
1385 2521 1676 2581 redditur
1715 2540 1830 2599 per
1869 2521 2117 2581 dictum
2164 2523 2454 2582 iudicem.
2540 2523 2810 2600 Uguitio
2850 2529 2981 2582 not.
3027 2541 3126 2599 ep.
3174 2522 3348 2583 Aret.
3400 2522 3541 2580 Rai-

1101 2618 1329 2678 naldus
1372 2620 1564 2678 iudex
1611 2624 1675 2677 et
1717 2624 1852 2679 not.
1899 2620 2233 2680 Salvuccio
2278 2626 2352 2679 tt.
2440 2620 2902 2679 Bonaventura
2939 2619 3047 2696 qd.
3078 2618 3393 2679 Guidonis
3418 2625 3542 2678 not.

1415 2717 1678 2777 Florenz
1727 2716 1873 2776 Ast.
1922 2718 2110 2791 (Volt.
2158 2738 2220 2777 n.
2266 2718 2409 2792 925)
2454 2718 2622 2794 Θήρ.

1098 2910 1236 2969 801.
2572 2928 2581 2937 ·
2716 2910 2993 2981 Florenz,
3038 2911 3117 2971 17
3154 2911 3328 2970 Jum'
3370 2910 3541 2971 1271.

1215 3006 1625 3075 MCCLXXI,
1673 3008 1801 3068 ind.
1847 3008 2081 3079 XIIII,
2126 3008 2322 3068 XVII
2364 3011 2508 3069 intr.
2542 3010 2668 3068 iun.
2755 3007 2975 3069 Simon
3006 3008 3109 3085 qd.
3145 3006 3441 3068 Palmerii
3470 3008 3544 3066 de

1095 3105 1414 3167 Cssolellis
1456 3108 1626 3166 curie
1671 3106 1908 3164 Montis
1952 3106 2228 3166 Vultraii
2270 3108 2425 3167 civis
2474 3105 2651 3165 Vult.
2704 3106 2983 3167 sindicus
3033 3106 3323 3165 comunis
3371 3106 3540 3163 Vult.

1092 3204 1556 3265 dixitIohanni
1579 3205 1772 3264 iudici
1801 3205 2043 3264 vicario
2072 3204 2129 3262 Y
2148 3204 2427 3265 enardi
2460 3204 2517 3263 U
2534 3202 2755 3281 golin
2774 3205 2791 3263 i
2813 3204 2861 3279 ³)
2890 3204 3111 3263 vicarii
3134 3202 3297 3283 regis
3318 3202 3541 3262 Karuli

1095 3302 1160 3359 in
1189 3301 1492 3379 regimine
1533 3301 1723 3372 Flor.‚
1769 3302 1858 3362 VI
1896 3304 2249 3379 capit-fineis
2278 3308 2343 3361 eb
2374 3301 2635 3362 consilio
2666 3300 2801 3370 XC,
2832 3300 3023 3379 quod,
3054 3300 3141 3369 id,
3172 3300 3353 3379 quod
3376 3300 3549 3361 Tura

1095 3398 1538 3478 Bentivengne
1580 3398 1872 3461 Davanzi
1914 3398 1997 3459 de
2036 3399 2202 3459 Flor.
2248 3402 2413 3476 petit
2472 3400 2798 3460 occasione
2852 3398 3325 3476 possessionum
3375 3397 3543 3458 abla-

1096 3501 1307 3555 tarum
1351 3516 1464 3574 per
1501 3498 1874 3574 episcopum
1903 3496 2099 3568 Vult„
2134 3498 2301 3557 unde
2332 3498 2577 3557 litteras
2608 3497 2980 3573 impetravit
3014 3517 3054 3556 a
3080 3495 3341 3557 comuni
3362 3494 3541 3563 Flor.‚

1093 3612 1222 3653 non
1262 3600 1514 3671 spectat
1545 3594 1626 3653 ad
1655 3613 1945 3664 comune,
1976 3594 2151 3672 quod
2180 3594 2437 3672 quidem
2468 3598 2768 3671 paratum
2800 3598 2899 3652 est
2925 3592 3307 3671 respondere
3334 3609 3541 3653 coram

1094 3692 1332 3751 vicario
1374 3692 1555 3767 regis,
1601 3689 2025 3769 Supplicavit‚
2068 3692 2244 3769 quod
2286 3692 2543 3752 licentia
2586 3690 2943 3767 represallie
2982 3708 3283 3751 concessa
3332 3688 3539 3749 Cardi-

1097 3788 1222 3847 nali
1265 3788 1344 3848 de
1384 3788 1846 3867 Tornaquincis
1888 3791 2009 3849 civi
2060 3788 2219 3849 Flor.
2260 3796 2563 3859 cassetur,
2608 3806 2751 3847 cum
2798 3789 2851 3847 is
2892 3788 3138 3847 nullum
3182 3788 3281 3846 ius
3310 3786 3540 3847 habeat

1093 4066 1195 4113 lich
1235 4095 1301 4103 -——
1329 4068 1470 4117 ae‘ehe
1513 4068 1913 4129 Kopp-Busson
1963 4069 2029 4117 II
2082 4070 2130 4120 3,
2190 4070 2304 4117 113.
2400 4068 2603 4117 Wintor
2642 4067 2747 4117 Die
2786 4065 2990 4115 Politia:
3039 4065 3203 4114 Pisae
3250 4066 3541 4114 1268-1282

1093 4154 1234 4203 Seite
1279 4158 1364 4204 33.
1445 4158 1592 4205 Dass
1645 4158 1786 4205 nicht
1830 4158 1923 4205 der
1970 4158 2126 4204 Mc'irz
2157 4158 2377 4205 Ter-min
2412 4158 2509 4217 fiir
2546 4157 2649 4205 den
2686 4154 3031 4203 Amoeantritt
3068 4169 3133 4201 zu
3170 4154 3293 4201 scin
3330 4153 3541 4203 brata-„ht

1097 4242 1566 4308 (Kopp-Busson)‚
1607 4246 1725 4307 qam
1772 4246 1975 4293 damus
2012 4246 2207 4295 herz-or.
2250 4246 2377 4294 dass
2404 4245 2578 4293 Guido
2608 4260 2785 4305 weqen
2808 4243 2985 4293 seiner
3010 4258 3100 4291 am
3128 4244 3194 4291 13
3224 4243 3386 4291 Mdv-z
3414 4242 3538 4291 1271

1094 4334 1342 4382 verilbten
1373 4335 1574 4382 Illuttat
1603 4334 1766 4395 (siche
1802 4341 1964 4381 umen
1989 4350 2044 4382 η.
2078 4336 2203 4397 8¹11)
2226 4334 2401 4381 aei-nes
2422 4334 2606 4381 Amtcs
2628 4338 2839 4381 entoetzt
2863 4331 3069 4380 worden
3090 4330 3177 4380 ist.
3278 4331 3321 4395 ¹)
3359 4332 3541 4380 Disser-

1094 4422 1346 4481 eben-salls
1373 4422 1631 4471 verlorene
1656 4423 1830 4471 zweite
1861 4422 1999 4470 Pakt
2022 4438 2133 4469 war
2169 4422 2255 4471 dic
2295 4423 2458 4483 Folqe
2484 4422 2577 4471 der
2614 4437 2667 4470 n.
2690 4422 2799 4470 ⁴791
2838 4419 3145 4469 erweihntsn
3177 4418 3543 4469 Vcrhandltm-

1093 4527 1240 4572 qen.·
1307 4512 1349 4573 ²)
1397 4501 1534 4560 l‘ber
1582 4512 1796 4559 stard
1833 4512 1975 4559 sie-he
2021 4514 2248 4560 Peri-ens
2294 4512 2531 4561 Histoire
2570 4512 2633 4560 de
2672 4510 2925 4559 Floreme
2970 4510 3041 4558 II
3082 4510 3203 4559 133.
3248 4512 3381 4566 1420,-
3422 4510 3542 4559 iiber

1096 4600 1446 4649 C'hardinalis
1483 4602 1548 4649 de
1589 4600 1989 4662 Tornaqztincis
2025 4600 2343 4649 Davidwhn
2367 4600 2751 4661 Forschunqen
2774 4599 2845 4647 ΙΙ
2874 4598 3103 4648 175-224
3142 4614 3197 4647 π,
3230 4580 3537 4647 12:35-1665.

1091 4689 1169 4737 Er
1208 4704 1316 4737 war
1357 4691 1491 4737 ΝΜ
1533 4690 1759 4737 Podestci
1802 4704 1903 4737 ron
1940 4689 2061 4737 San
2100 4688 2445 4749 Gimiynano.
2486 4689 2575 4737 Zu
2612 4688 2947 4749 Bentiveyna
2984 4688 3237 4735 Davara-zi
3262 4686 3539 4749 rerqlaeiche

1089 4778 1219 4827 oben
1258 4795 1308 4826 η.
1351 4780 1380 4827 5
1398 4781 1467 4827 λ’ἰ.
1511 4781 1626 4826 679.
