3817 5642
977 575 1426 631 REGESTUM
1465 576 2155 632 VOLATERRANUM
2693 578 2793 631 331

319 772 472 833 972.
1767 770 1967 833 Sama
2012 772 2227 845 Biora,
2270 772 2349 833 21
2394 773 2579 833 Mc‘irz
2617 773 2796 835 1297.

451 868 1100 943 MOCLXXXXVII,
1131 870 1261 931 ind.
1307 869 1436 946 1¹),
1482 869 1650 931 XXI
1685 875 1871 930 mart.
1958 866 2615 931 Ildebrandinus
2656 870 2797 931 No-

315 966 606 1028 vellus
645 987 858 1028 comes
899 966 1230 1047 palatinus
1259 965 1364 1045 qd.
1394 966 1836 1027 Ildebrandini
1866 968 2119 1028 comitis
2148 966 2421 1046 palatini
2450 968 2530 1027 de
2558 966 2799 1028 Sancta

321 1064 522 1125 Flora
563 1065 906 1127 constituit
937 1064 1288 1126 Henricum
1318 1066 1621 1126 comitem
1648 1065 2015 1143 palatinum
2047 1064 2151 1143 qd.
2186 1066 2439 1124 comitis
2468 1064 2796 1126 Ildebran·

323 1163 468 1223 dini
509 1160 782 1241 palatini
825 1162 1160 1224 absentem
1201 1169 1684 1241 procuratorem
1727 1160 1812 1221 ad
1847 1162 2231 1223 divisionem
2257 1161 2622 1223 faciendam
2650 1182 2797 1223 cum

325 1259 679 1321 comitibus
699 1260 1008 1321 fratribus
1029 1262 1178 1333 suis,
1210 1262 1614 1332 comitatum,
1647 1266 1878 1333 castra,
1912 1260 2274 1332 fortalitiaS,
2306 1260 2795 1333 iurisdictioneS,

325 1358 621 1430 honores,
663 1358 983 1429 baronias,
1031 1358 1156 1419 alia
1197 1358 1368 1420 bona
1423 1358 1627 1437 patris
1676 1378 1896 1419 eorum
1968 1363 2034 1417 et
2094 1357 2176 1418 ad
2230 1357 2601 1419 faciendum
2649 1378 2797 1419 cum

326 1456 678 1517 comitibus
717 1455 1028 1517 fratribus
1070 1456 1197 1517 VII
1240 1461 1459 1536 partes
1500 1464 1570 1516 et
1599 1456 1984 1535 capiendum
2013 1476 2131 1535 pro
2161 1476 2228 1515 se
2258 1475 2471 1516 unam.
2557 1458 2699 1517 Act.
2732 1458 2799 1517 in

325 1574 585 1615 cassare
625 1556 818 1617 castri
862 1554 1061 1616 Sante
1102 1554 1305 1616 Flore.
1390 1555 1550 1617 Cino
1591 1561 1658 1615 et
1703 1554 2033 1616 Gualterio
2078 1554 2388 1616 fratribus
2442 1552 2486 1615 f.
2544 1555 2651 1634 qd.
2695 1575 2795 1616 co-

327 1653 508 1712 mitis
552 1651 990 1714 Ildebrandini
1032 1652 1112 1713 de
1153 1652 1398 1714 Sancta
1434 1652 1642 1713 Flora.
1687 1652 1866 1713 Nuto
1909 1652 2015 1731 qd.
2062 1653 2313 1713 Alberti
2352 1652 2435 1714 de
2483 1652 2797 1714 comitatu

327 1750 552 1811 Aretii.
637 1750 858 1812 Clarus
901 1750 1358 1812 Bonaventure
1402 1750 1695 1811 Baruccii
1737 1750 1818 1811 de
1858 1750 2025 1811 Flor.
2072 1752 2223 1830 imp.
2270 1756 2437 1812 auct.
2483 1756 2615 1811 not.

655 1847 912 1908 Florenz
953 1848 1104 1909 Ast.
1154 1848 1337 1925 (Volt.
1385 1848 1546 1909 1297
1586 1847 1707 1908 III
1754 1848 1852 1921 21,
1897 1868 1963 1907 π.
2010 1848 2194 1924 1372)
2240 1848 2409 1925 Oriq.

328 2043 472 2103 973.
1744 2042 1946 2105 Sama
1988 2044 2203 2116 mora,
2249 2044 2288 2104 2
2332 2042 2579 2120 Auyust
2620 2042 2795 2105 1297.

454 2138 1098 2212 MCCLXXXXVII,
1130 2141 1258 2201 ind.
1293 2142 1375 2212 X,
1411 2147 1698 2221 tempore
1728 2141 2041 2202 Bonifatii
2072 2140 2258 2213 VIII,
2290 2141 2396 2201 die
2423 2140 2494 2200 II
2522 2142 2795 2220 augusti.

327 2240 492 2300 Cum
537 2239 802 2298 comites
842 2237 1338 2299 Ildebrandinus
1383 2238 1708 2311 NovelluS,
1744 2238 2129 2311 Bonifatius,
2163 2238 2489 2317 Herrigus,
2520 2238 2795 2299 Guilliel-

327 2356 494 2408 muS,
525 2336 735 2398 Guido
765 2336 807 2396 f.
833 2334 892 2395 b.
919 2356 1001 2397 m.
1033 2336 1474 2397 Ildebrandini
1521 2358 1552 2397 c
1571 2356 1688 2397 om
1707 2338 1856 2398 itis
1897 2338 2170 2416 palatini
2198 2336 2357 2397 dicti
2384 2337 2465 2398 de
2494 2334 2537 2397 S
2556 2342 2799 2397 ancta

325 2432 576 2495 Flora
617 2435 696 2495 de
739 2434 1052 2495 divisione
1095 2434 1408 2495 bonorum
1453 2436 1654 2512 patris
1685 2434 2109 2507 decreverint,
2138 2440 2217 2495 ut
2246 2440 2431 2513 patet
2458 2452 2539 2495 ex
2564 2434 2797 2495 instru-

327 2537 555 2594 mento
596 2551 696 2591 ser
736 2531 953 2593 Ghieri
993 2538 1126 2593 not.
1171 2531 1253 2592 de
1279 2531 1784 2604 Bocchastrada,
1816 2537 2036 2611 partes
2068 2552 2178 2610 per
2204 2532 2515 2611 palloctas
2544 2531 2795 2603 habere,

333 2648 498 2709 quas
539 2628 832 2691 Iohanna
872 2630 1200 2689 comitissa
1240 2635 1449 2691 mater
1491 2648 1712 2690 eorum
1756 2631 1824 2690 in
1866 2631 2107 2707 gremio
2148 2636 2397 2691 teneret
2440 2634 2508 2690 et
2548 2648 2662 2707 per
2690 2627 2798 2688 ali-

332 2746 526 2807 quem
569 2746 837 2805 puerum
894 2727 1325 2799 distribueret,
1385 2729 1710 2788 comitissa
1766 2747 2039 2806 puerum
2095 2748 2368 2806 parvum
2426 2727 2507 2789 de
2562 2726 2800 2787 Sancta

329 2824 521 2886 Flora
565 2822 789 2904 elegit3
827 2825 944 2901 qui
984 2824 1269 2883 extraxit
1310 2825 1569 2883 nomine
1611 2825 1863 2883 comitis
1909 2822 2256 2883 Guillielmi
2296 2823 2645 2901 palloctam
2685 2822 2799 2882 ha-

331 2924 595 2985 bentem
636 2920 855 2982 cedule
898 2921 1282 2999 scripturam
1311 2929 1529 2999 partes
1555 2920 1838 2982 Malliani
1878 2940 2025 2981 cum
2056 2940 2302 2982 cassem
2346 2920 2387 2999 s.
2410 2969 2421 2981 .
2443 2969 2455 2980 .
2476 2920 2520 3001 .]
2543 2920 2611 2997 ¹),
2642 2918 2795 2980 San-

328 3022 652 3100 prugnani
673 3038 822 3080 cum
845 3018 1116 3098 pedagio
1144 3024 1212 3078 et
1239 3018 1378 3077 aliis
1407 3018 1651 3079 iuribus
1679 3020 1746 3077 in
1777 3018 2097 3089 Cinsiano,
2126 3016 2531 3091 Frachilasci,
2554 3017 2801 3077 iuribus

329 3119 398 3179 in
441 3116 823 3189 Rocchetta,
868 3115 1361 3195 Sanpugn[an0.
1383 3164 1394 3175 .
1418 3117 1461 3195 .]
1487 3116 1532 3193 ⁸)
1563 3136 1734 3196 gana
1772 3122 1842 3177 et
1885 3116 2205 3177 Bermina.
2239 3116 2515 3177 Nomine
2544 3114 2799 3194 Heri-igi

327 3216 618 3277 extraxit
659 3213 1008 3294 palloctam
1052 3214 1255 3292 partis
1296 3213 1532 3275 Sancte
1573 3213 1759 3275 Flore
1799 3234 1949 3275 cum
1997 3213 2261 3275 castello
2306 3216 2529 3293 patris,
2560 3214 2797 3295 [....]⁴)

327 3320 400 3373 et
440 3312 685 3373 iuribus
725 3312 792 3372 in
835 3310 1102 3371 Roccha
1141 3310 1424 3387 Albegne
1467 3315 1533 3371 et
1577 3308 1788 3383 Petra,
1820 3310 2078 3371 heremo
2106 3316 2173 3371 et
2217 3308 2371 3371 villa
2401 3309 2633 3372 Sancte
2663 3310 2797 3369 Tri-

326 3411 502 3483 nite;
547 3409 804 3470 nomine
850 3408 1158 3469 Bonifatii
1201 3406 1550 3486 palloctam
1595 3409 1806 3488 [...]⁵)
1852 3428 2001 3469 cum
2043 3408 2309 3469 baronia
2352 3416 2413 3469 el
2460 3408 2705 3468 iuribus
2732 3408 2800 3467 in

329 3507 592 3579 Yschia,
637 3525 783 3567 cum
824 3512 1029 3586 parte,
1076 3526 1272 3585 quam
1315 3506 1562 3568 habent
1603 3509 1671 3567 in
1727 3507 2053 3579 Grosseto.
2100 3514 2332 3587 quarta
2383 3512 2567 3585 parte
2608 3506 2804 3565 castri

327 3605 778 3685 Capalbfii...]
803 3608 848 3679 ⁶)
892 3611 960 3665 et
1001 3608 1067 3666 in
1111 3603 1409 3676 Petrolla,
1457 3607 1524 3666 in
1565 3605 1977 3678 castelludo,
2012 3606 2079 3666 in
2106 3606 2371 3666 civitate
2414 3604 2655 3676 Castri;
2692 3622 2798 3663 no·

331 3705 506 3765 mine
547 3702 973 3765 Ildibrandini
1015 3703 1266 3764 Novelli
1296 3703 1647 3781 palloctam
1675 3706 1878 3783 partis
1908 3704 2383 3765 Rocchestrade
2414 3722 2561 3764 cum
2590 3721 2795 3774 rocca,

331 3805 402 3863 in
443 3802 670 3862 castris
713 3800 928 3873 Silani,
973 3800 1467 3880 Montisgemoli‚
1512 3800 1828 3873 Suvereti,
1873 3802 2016 3881 [...]
2041 3802 2109 3877 ⁷),
2154 3808 2363 3862 castro
2412 3799 2641 3871 Pistre,
2687 3798 2798 3861 ba·

329 3900 517 3961 tonia
557 3906 622 3959 et
667 3899 912 3960 iuribus
954 3899 1020 3957 in
1064 3904 1276 3959 castro
1318 3897 1703 3977 Batagnani,
1749 3900 1816 3959 in
1870 3900 2139 3960 civitate
2195 3898 2421 3971 Masse,
2466 3896 2533 3957 in
2588 3899 2801 3958 castro

331 3997 662 4068 Scherlini,
705 3999 774 4057 in
801 4002 1025 4056 -eastro
1070 3996 1454 4073 Iungharico
1495 4004 1564 4056 et
1604 4016 1730 4075 que
1773 3998 2017 4057 habent
2060 3996 2101 4075 [.
2124 4045 2135 4057 .
2159 3999 2203 4077 .]
2229 4000 2274 4073 ⁸)
2325 4015 2470 4057 cum
2508 3993 2802 4056 fidelibus

331 4102 400 4155 et
443 4094 880 4155 iurisdictione
920 4094 1206 4155 civitatis
1246 4094 1420 4155 dicte
1449 4100 1517 4154 et
1545 4101 1898 4156 castrorum
1932 4103 1999 4154 et
2026 4094 2357 4155 castellare
2386 4093 2612 4163 Marte,
2645 4090 2797 4152 ban·

330 4193 476 4253 dita
517 4190 674 4252 silve
715 4211 762 4251 S.
810 4192 1072 4261 Donati,
1118 4191 1472 4270 Caporagii,
1516 4190 1790 4253 Tonboli
1832 4199 1897 4253 et
1940 4192 1982 4271 [.
2003 4240 2015 4253 .
2036 4194 2080 4272 .]
2106 4194 2151 4269 ⁹)
2198 4190 2461 4253 flumine
2508 4188 2651 4261 ose,
2694 4208 2799 4267 pe-

329 4290 524 4368 dagio
553 4290 874 4368 pecudum
903 4289 1075 4350 ultra
1113 4290 1353 4350 flumen
1389 4290 1749 4363 Unbronis;
1794 4292 2053 4351 nomine
2096 4290 2409 4353 Gnidonis
2451 4287 2797 4367 palloctam

483 4522 526 4589 ¹)
563 4524 776 4588 Ricmiq
815 4528 956 4574 wdre,
993 4524 1065 4572 X.
1273 4524 1317 4588 ²)
1376 4524 1558 4573 Lanka
1608 4540 1709 4573 von
1759 4526 1826 4573 33
1864 4524 2221 4573 Buchstaben.
2384 4524 2428 4587 ³)
2470 4521 2652 4573 Liickc
2690 4536 2793 4569 von

333 4615 404 4664 ‚33
441 4612 794 4665 Buchmben.
893 4614 938 4678 ⁴)
978 4605 1160 4663 Lac'ke
1200 4628 1302 4661 von
1341 4615 1408 4662 13
1447 4614 1796 4663 Buchstaben.
1893 4613 1939 4678 Β)
1976 4613 2160 4663 ΙΛῖοΙεε
2198 4630 2300 4662 von
2340 4614 2406 4663 :322
2446 4611 2800 4661 Buchstaben.

331 4704 380 4769 ⁸⁵)
418 4702 602 4753 Lache
639 4718 739 4752 von
777 4706 844 4753 :25
883 4703 1234 4751 Buchscaben.
1410 4699 1453 4765 ³)
1493 4704 1717 4751 Ebenso.
1893 4698 1937 4766 ⁸)
1978 4703 2159 4752 Lic'cke
2200 4718 2301 4751 von
2341 4702 2407 4751 23
2450 4700 2797 4750 Buchstaben.

331 4785 379 4857 ⁹)
421 4790 602 4841 Lache
638 4806 740 4839 von
782 4793 845 4840 17
886 4790 1234 4838 Buclwtaben.
