3817 5642
905 568 1348 624 REGESTUM
1388 568 2075 625 VOLATERRANUM
2617 574 2726 626 263

253 770 398 825 not.
445 764 788 825 Baschiera
828 764 1078 824 Alberti
1121 764 1202 825 de
1245 764 1421 825 Vult.
1467 764 1720 825 Comite
1761 766 1841 826 de
1897 765 2063 827 Flor.
2112 773 2191 825 tt..
2289 766 2721 830 Bernardinus

253 862 364 940 qd.
411 861 673 941 Ugolini
714 861 798 923 de
839 862 1016 923 Vult.
1061 861 1247 923 Fred.
1295 864 1447 941 imp.
1494 869 1629 923 not.
1673 870 1742 922 et
1769 883 1939 925 nunc
1972 868 2387 927 anzianorum
2416 865 2641 928 scriba.

583 958 846 1018 Florcnz
888 958 1038 1018 Ast.
1089 959 1274 1032 (Volt.
1317 978 1380 1018 n.
1427 957 1569 1035 889)
1615 958 1784 1036 Oriq.
1869 960 1989 1021 Ed.
2046 960 2275 1022 Cecina
2330 963 2409 1023 63
2464 962 2721 1023 Anmer-

585 1056 758 1134 lcunq
798 1056 839 1115 3
883 1059 1028 1133 (nur
1069 1056 1174 1117 ein
1213 1056 1453 1133 Stsck).

257 1254 400 1317 787.
1826 1252 2123 1327 volterra,
2168 1256 2207 1315 4
2248 1254 2501 1315 Oktober
2538 1256 2719 1316 1269.

383 1349 899 1421 MCCvamI,
945 1334 1074 1411 ind.
1121 1350 1314 1417 xm.
1359 1350 1501 1411 1111
1541 1370 1688 1411 non.
1735 1356 1860 1411 oct.
1962 1352 2537 1414 Bonaecursus
2577 1352 2719 1412 Bel-

257 1450 554 1511 lincionis
595 1448 674 1507 de
717 1447 886 1509 Flor.
932 1448 1048 1507 Dei
1094 1454 1161 1508 eb
1205 1448 1378 1523 regia
1419 1448 1632 1527 gratia
1671 1449 1888 1509 Vult.
1934 1456 2332 1525 potestas
2372 1452 2623 1513 anziani
2652 1458 2719 1511 et

255 1547 602 1609 consiliarii
642 1546 934 1606 fecerunt
977 1546 1278 1607 Giardum
1323 1546 1433 1623 qd.
1477 1544 1724 1607 Salvini
1750 1546 1831 1607 de
1859 1546 2099 1607 Sancto
2128 1548 2393 1610 Miniate
2423 1568 2715 1627 procura-

255 1654 468 1707 torem
493 1646 578 1705 ad
601 1644 1094 1724 supplicandum
1119 1643 1206 1703 Io
1225 1644 1266 1703 h
1284 1665 1321 1703 a
1339 1664 1382 1704 n
1399 1645 1478 1704 ni
1507 1645 1560 1705 B
1577 1645 1690 1705 ric
1709 1644 1932 1705 tardi
1960 1647 2131 1725 regio
2155 1648 2219 1706 in
2235 1646 2468 1707 Tuscia
2482 1649 2723 1707 vicario

254 1744 559 1823 generali,
605 1744 912 1821 quatinus
955 1743 1214 1801 comuni
1258 1742 1430 1802 Vult.
1475 1742 1810 1803 confirmet
1851 1744 1916 1801 in
1960 1749 2349 1821 potestatem
2392 1764 2510 1824 pro
2551 1764 2721 1806 anno

257 1842 558 1921 proximo
617 1840 908 1901 Foresem
971 1838 1361 1900 Bonaccursi
1425 1840 1832 1901 Bellincionis
1892 1840 1973 1901 de
2028 1841 2216 1915 F101-.;
2275 1844 2329 1903 si
2380 1849 2721 1913 recusaret,

257 1938 562 1998 Stoldum
605 1937 684 1996 de
726 1935 972 1996 Rubeis
1012 1934 1093 1996 de
1135 1935 1328 2007 Flor.;
1358 1938 1553 1996 tertio
1582 1935 1882 1997 Rubeum
1916 1938 1995 1997 de
2025 1938 2197 2000 Tosa
2218 1940 2298 1999 de
2327 1940 2517 2011 Flor„
2546 1942 2720 2001 iusta

260 2036 604 2113 antiquam
647 2034 1179 2097 consuetudinem
1221 2040 1289 2095 et,
1331 2036 1788 2095 conventiones
1831 2056 1975 2096 cum
2026 2036 2311 2098 Roberto
2338 2037 2417 2098 de
2457 2038 2719 2100 Laveno

253 2135 414 2193 iuris
444 2132 817 2209 professore,
849 2132 1236 2203 consiliat-im
1257 2132 1560 2192 familiari
1599 2139 1666 2193 et
1694 2134 1923 2193 nuntio
1950 2137 2119 2213 regis
2147 2134 2379 2196 Karuli
2406 2142 2473 2197 et
2500 2156 2717 2197 secun-

256 2228 416 2287 dum
461 2234 853 2307 potestatem
897 2229 1154 2289 comuni
1181 2235 1627 2289 conservatam
1657 2248 1770 2308 per
1797 2230 2155 2292 Robertum
2186 2238 2254 2292 et
2282 2240 2719 2293 remanentem

256 2329 328 2386 in
357 2326 672 2387 fidelitate
715 2328 984 2404 prestita
1029 2324 1318 2387 Roberto
1361 2346 1477 2403 pro
1520 2347 1684 2405 rege,
1730 2332 1971 2408 regina,
2015 2329 2373 2400 heredibus,
2426 2336 2499 2390 ut
2528 2332 2593 2390 in
2624 2332 2714 2390 in-

255 2429 626 2485 strumento
669 2424 1046 2483 Bet-nardini
1091 2424 1199 2501 qd.
1245 2424 1500 2501 'Ugolini
1547 2432 1677 2484 not.
1719 2428 2103 2497 contimtum
2136 2434 2203 2487 οῗ,
2233 2426 2316 2485 ad
2344 2426 2718 2506 petendum,

255 2530 338 2582 ut
373 2523 822 2599 promissiones
852 2521 1122 2583 Roberssi
1149 2522 1466 2595 observet,
1499 2530 1563 2581 et
1595 2522 1676 2583 ad
1705 2525 2214 2602 significandum,
2247 2526 2420 2603 quod
2450 2543 2719 2586 comune

257 2636 376 2697 per
416 2624 810 2696 potestatem
857 2624 1116 2678 tantum
1160 2619 1401 2696 regitur
1442 2626 1508 2678 eb
1552 2626 1796 2679 rectum
1839 2620 1966 2680 fuit
2010 2622 2136 2681 iam
2180 2620 2427 2681 dudum
2470 2629 2537 2681 et
2594 2641 2719 2681 non

256 2734 374 2795 per
417 2717 849 2793 capitaneum,
897 2719 1176 2777 maxime
1218 2722 1566 2797 postquam
1609 2719 1903 2795 pervenit
1946 2718 2027 2777 ad
2084 2718 2463 2779 fidelitatem
2520 2722 2717 2797 regis-3

255 2816 315 2874 si
356 2814 768 2885 recusaverit,
813 2814 898 2873 ad
939 2813 1391 2892 appellandum
1459 2815 1540 2875 ad
1601 2832 1833 2895 regem.
1942 2817 2083 2876 Act».
2128 2816 2305 2877 Vult.
2351 2820 2413 2877 in
2478 2816 2723 2894 palatio

255 2913 574 2971 comunis.
677 2910 909 2971 Forese
950 2918 1086 2971 nob.
1131 2910 1238 2989 qd.
1283 2911 1601 2973 Ubertini.
1661 2911 1976 2975 Baschera
2038 2912 2377 2975 banditore
2432 2917 2721 2976 comunis

255 3016 336 3069 tt.
427 3006 920 3069 Bartholomeus
962 3028 1099 3069 voc.
1146 3008 1489 3069 Barzettus
1531 3011 1638 3087 qd.
1685 3009 1956 3088 Galgani
1998 3012 2185 3071 Fred.
2230 3014 2385 3091 imp.
2430 3021 2565 3075 not.

583 3105 848 3167 Florenz
890 3106 1040 3167 Ast.
1089 3108 1279 3182 (Volt.
1326 3125 1386 3168 π.
1431 3108 1575 3183 890)
1620 3108 1789 3185 Oriy.
1888 3110 2007 3169 Ed.
2054 3110 2287 3171 θεοίνια
2327 3112 2407 3171 63
2464 3111 2719 3173 Anmer-

587 3203 760 3281 lcunq
803 3206 840 3264 1
881 3204 1408 3283 (unmllstd‘ndiq).
1553 3213 1565 3219 “

258 3400 400 3459 788.
1787 3402 2051 3480 Pistoy'a,
2096 3402 2135 3462 6
2174 3404 2499 3464 Dezember
2538 3404 2717 3465 1269.

385 3494 800 3555 Iohannes
844 3496 1232 3557 Britaudi
1278 3498 1474 3569 mileo,
1519 3496 1820 3559 dominus
1863 3499 1943 3559 de
1970 3498 2313 3579 Naugerio,
2346 3503 2620 3563 vicarius
2650 3503 2717 3563 in

253 3595 495 3654 Tuscia
535 3594 860 3672 gensi-alie„
907 3593 1196 3671 publicat
1240 3601 1492 3671 partem
1536 3596 1832 3657 mandati
1875 3598 2169 3657 Karoli
2212 3601 2426 3679 regis
2456 3602 2519 3678 ¹).

587 3692 850 3753 Florenz
891 3692 1043 3753 Ast.
1079 3692 1238 3767 (San
1267 3694 1674 3771 Gimiynano)
1703 3694 1872 3773 Oriq.
1904 3696 2039 3756 San
2070 3696 2449 3775 Gimiq‘ncmo
2479 3696 2715 3759 AC'om.

585 3789 768 3850 Liber
805 3789 1064 3851 blancus
1105 3790 1198 3851 80'
1243 3791 1396 3869 C'op.
1439 3813 1486 3853 8.
1532 3792 1722 3854 XIII
1770 3814 1857 3853 ex.
1942 3794 2089 3871 Req.
2146 3796 2511 3857 Davideohn
2564 3795 2717 3857 For-

583 3886 896 3965 schamen
937 3888 1018 3948 II
1059 3887 1181 3949 156
1221 3908 1282 3949 π.
1327 3889 1503 3951 1098.
1549 3894 1668 3952 Cic.
1714 3892 1939 3953 Ficker
1982 3893 2079 3953 IV
2127 3894 2247 3953 467
2290 3914 2349 3953 η.
2396 3894 2529 3955 459.

258 4084 402 4147 789.
1781 4086 2076 4158 Volterra,
2122 4087 2204 4147 29
2242 4088 2497 4146 Januar
2538 4088 2717 4149 1270.

385 4178 552 4240 Cieri
575 4181 620 4255 9)
663 4179 742 4239 de
783 4180 1024 4240 Sancto
1064 4178 1430 4241 Giminiano
1460 4183 1651 4243 iudex
1679 4190 1746 4243 et·
1776 4202 2053 4244 assessor
2080 4191 2147 4243 et
2178 4186 2451 4245 vicarius
2502 4186 2611 4246 Vu
2632 4186 2647 4243 1
2668 4194 2717 4245 t.

253 4284 327 4338 et
373 4276 613 4355 priores
654 4276 1064 4337 antianorum
1107 4296 1254 4337 cum
1297 4278 1682 4356 quibusdam
1739 4280 2020 4339 antianis
2077 4300 2293 4341 coram
2351 4280 2719 4341 Iohanne

255 4376 316 4435 B
335 4376 356 4433 i
376 4373 656 4434 rtaudi
697 4375 777 4434 de
823 4362 1154 4453 Rangeyo,
1192 4377 1431 4436 vicario
1459 4378 1622 4454 regis
1651 4376 1858 4437 Sicilie
1887 4380 1954 4437 in
1980 4376 2213 4436 Tuscia
2240 4378 2537 4458 generali,
2576 4398 2715 4455 pro-

251 4476 635 4551 posuerunt,
680 4472 990 4547 quatinus
1029 4474 1436 4534 confirmaret
1478 4475 1545 4532 in
1586 4480 1977 4551 potestat-em
2026 4474 2315 4534 Foresem
2364 4474 2717 4535 Bonacursi

413 4684 456 4748 ¹)
483 4684 628 4733 Oben
667 4700 716 4733 n.
763 4687 876 4735 785.
979 4686 1022 4751 ἕ)
1060 4686 1222 4735 Sonat
1259 4688 1398 4735 auch
1443 4688 1650 4747 Cetius,
1694 4690 1823 4737 wohl
1864 4692 2121 4739 identisch
2150 4692 2247 4739 mit
2274 4691 2462 4741 Cetius
2490 4692 2716 4755 (David-

253 4773 399 4822 whn
435 4772 818 4835 Forechunyen
857 4776 922 4823 ΙΙ
961 4790 1014 4825 n.
1057 4777 1192 4826 12⁸3
1222 4776 1524 4826 irrtiimlich
1562 4778 1779 4841 Terius)
1819 4779 2055 4827 Gentilis
2082 4796 2184 4827 ατιε
2210 4780 2327 4828 San
2366 4780 2710 4843 Gimiynano.
