3817 5642
1039 502 1146 557 130
1681 500 2129 555 REGESTUM
2166 498 2849 554 VOLATERRANUM

1035 703 1108 759 et
1136 695 1446 773 (Gullum)
1489 702 1884 775 potestatem
1928 716 2002 755 ac
2046 696 2219 757 cives
2260 694 2437 755 Vult.
2482 694 2776 773 partibus
2816 694 2943 755 kal.
2973 713 3121 773 aug.
3150 694 3503 771 preteritas»

1039 796 1388 857 terminum
1417 796 1768 856 statuerint
1795 813 1864 855 se
1889 794 2259 872 conspectui
2290 792 2644 871 apostolico
2671 790 3101 871 presentandi,
3125 808 3315 870 papa,
3336 790 3493 867 quia

1039 910 1235 953 causa
1273 892 1564 971 expediri
1603 892 1738 952 sine
1779 891 1971 971 longa
2011 891 2489 951 examinatione
2528 909 2659 951 non
2692 894 2913 967 posset
2936 907 3053 949 nec
3084 894 3301 949 tutum
3327 890 3495 945 esset

1039 988 1562 1069 procuratoribus
1601 990 1886 1067 partium
1929 988 2049 1049 hoc
2090 993 2381 1065 tempore
2420 986 2535 1047 diu
2566 988 2636 1047 in
2662 986 2839 1048 Urbe
2866 986 3119 1056 morari,
3150 986 3497 1048 terminum

1041 1088 1132 1150 ad
1155 1094 1424 1148 octavas
1451 1107 1502 1147 s.
1535 1086 1759 1167 Angeli
1781 1089 1826 1163 ¹)
1855 1086 2248 1165 prorogavit.
2274 1085 2563 1157 Mandat,
2586 1090 2909 1165 quatenus
2930 1084 3331 1163 iniungentes
3352 1102 3495 1161 par·

1043 1186 1238 1258 tibus,
1283 1190 1362 1245 ut
1401 1188 1844 1263 procuratores
1871 1184 2220 1254 destinent,
2250 1186 2495 1243 interea
2522 1188 2736 1244 castra
2763 1203 2803 1244 a
2830 1182 3078 1243 civibus
3107 1184 3173 1243 in
3200 1181 3501 1242 manibus

1043 1284 1328 1363 ipsorum
1372 1284 1590 1362 posita
1627 1282 1730 1343 vel
1769 1280 2071 1361 ponenda
2110 1280 2502 1341 custodiant.
2586 1300 2615 1341 α
2634 1280 2794 1341 Cum
2838 1299 2957 1359 pro
2972 1300 3020 1340 t.
3106 1280 3260 1341 Dat.
3308 1277 3505 1338 Late·

1045 1382 1188 1441 rani
1227 1379 1323 1440 VI
1363 1379 1451 1440 id.
1479 1398 1650 1461 aug„
1681 1384 1863 1457 pont.
1894 1377 1985 1439 11.

1367 1476 1628 1538 morem
1659 1476 1814 1537 Ast.
1847 1475 2039 1552 (Voce.
2068 1494 2133 1535 n.
2162 1476 2308 1554 178)
2339 1476 2513 1553 Oriq.

1053 1672 1194 1734 366.
2520 1670 2815 1743 Volterra,
2845 1671 2927 1732 28
2952 1670 3298 1749 September
3322 1670 3511 1731 1218

1172 1768 1592 1841 MOOXVIII,
1638 1768 1770 1829 ind.
1813 1768 1965 1840 VII,
2010 1768 2152 1829 IIII
2192 1769 2321 1829 kal.
2354 1774 2481 1829 oct.
2564 1768 2983 1849 Fragnepane
3010 1767 3187 1829 Vult.
3218 1773 3511 1847 potestas

1051 1866 1208 1928 feeit
1235 1865 1503 1927 Scutum
1531 1872 1668 1929 not.
1699 1873 2177 1945 procuratorem
2207 1867 2293 1928 ad
2313 1885 2535 1928 omnes
2554 1886 2798 1939 causas,
2822 1886 2984 1946 quas
3012 1885 3283 1928 comune
3308 1866 3515 1927 habet

1053 1984 1204 2025 cum
1245 1964 1573 2045 Pagano
1612 1964 1790 2026 Vult.
1833 1984 1933 2042 ep.
1964 1983 2177 2025 coram
2210 1984 2381 2043 papa
2410 1964 2511 2026 vel
2552 1965 2689 2025 eius
2714 1964 3045 2044 delegati&
3072 1970 3155 2037 ,et
3182 1964 3268 2023 ad
3294 1963 3513 2025 dicen-

1055 2061 1214 2122 dum
1239 2062 1675 2133 laudamento,
1703 2063 1760 2123 si
1787 2063 1882 2123 ita
1908 2061 2039 2123 dici
2066 2068 2356 2140 possunt,
2386 2080 2497 2123 seu
2524 2062 2703 2123 dicta
2728 2061 2813 2122 ab
2839 2081 2941 2140 ep.
2974 2062 3302 2137 (Martino)
3330 2062 3511 2122 Aret.

1057 2166 1126 2221 et
1165 2160 1613 2235 G(ortesonno)
1655 2161 2003 2237 preposite.
2088 2158 2232 2219 Act.
2275 2158 2452 2220 Vult.
2496 2160 2561 2219 in
2603 2159 2797 2220 domo
2823 2160 3098 2219 filiorum
3132 2159 3241 2238 qd.
3272 2158 3517 2237 Borgo·

1059 2260 1300 2337 goonis.
1386 2257 1718 2318 Bonifatio
1757 2257 1837 2315 de
1865 2258 2126 2335 Campe.
2160 2256 2558 2335 Riguardato
2596 2257 2703 2337 qd.
2750 2256 3207 2319 Ildcbrandini.
3244 2258 3516 2318 Bernar-

1059 2356 1211 2416 dino
1253 2356 1514 2415 Consilii
1557 2361 1635 2415 tt.
1725 2354 2157 2433 Bomparente
2199 2374 2247 2415 s.
2295 2358 2447 2433 imp.
2492 2354 2684 2415 iudex
2727 2359 2793 2414 et
2834 2360 2971 2415 not.

1381 2454 1644 2514 Florem
1672 2452 1826 2513 Ast.
1859 2452 2053 2527 (Volt.
2084 2474 2147 2512 n.
2178 2452 2321 2529 181)
2352 2452 2526 2530 Θήρ.

1067 2648 1202 2709 367.
2776 2646 2953 2720 Rom,
2987 2648 3026 2709 8
3050 2647 3307 2708 Oktober
3330 2648 3521 2710 1218.

1189 2744 1250 2802 H
1269 2746 1557 2805 onoriu
1575 2766 1604 2803 s
1647 2744 1676 2803 Ι
1697 2744 1730 2805 1
1748 2744 1780 2805 Ι
1809 2748 2131 2825 magistris
2162 2745 2415 2805 Mitidio
2440 2750 2507 2805 et
2537 2744 2771 2804 Pisano
2798 2764 2941 2805 ean.
2972 2745 3148 2806 Vult.
3232 2747 3402 2809 Baro
3427 2747 3523 2808 Si·

1067 2844 1310 2903 meonis
1349 2844 1510 2902 civis
1537 2844 1712 2903 Vult.
1757 2851 2146 2921 conquestus
2174 2850 2292 2916 est,
2324 2843 2499 2922 quod
2526 2844 2839 2921 plebanus
2866 2844 2945 2904 de
2974 2842 3527 2922 Ripamarrantia,

1068 2941 1334 3002 Guittus
1373 2942 1538 3011 Coei,
1584 2940 1969 3001 Sarracenus
2012 2939 2297 3013 Orlandi,
2340 2940 2799 3001 Bonafidantia
2854 2941 3138 3002 Rainerii
3190 2942 3525 3020 quandam

1067 3056 1405 3109 summam,
1431 3038 1497 3098 in
1527 3057 1656 3115 qua
1683 3038 1746 3096 ei
1772 3042 2093 3109 tenentur,
2118 3038 2361 3098 solvere
2392 3037 2862 3098 contradicunt.
2886 3036 3174 3110 Mandat,
3198 3044 3525 3117 quatenus

1069 3156 1328 3197 eausam
1385 3135 1656 3196 audiant
1710 3142 1778 3195 et
1833 3137 2200 3195 terminent.
2298 3136 2637 3196 «Dilectus
2688 3134 2856 3195 filius
2875 3156 2921 3195 ι).
3022 3136 3174 3196 Dat.
3218 3137 3529 3197 Laterani

1069 3230 1233 3294 VIII
1279 3231 1361 3291 id.
1407 3236 1552 3301 oct.‚
1597 3238 1777 3309 pont.
1823 3230 1949 3291 ΙΙΙ.

1388 3330 1647 3389 Florenz
1677 3328 1829 3388 Ast.
1865 3328 2058 3403 (Volt.
2087 3350 2151 3389 n.
2182 3329 2326 3403 182)
2357 3330 2528 3405 Θήρ.
2578 3328 2782 3404 (Bulle
2820 3330 3138 3407 ver-lorea).

1075 3482 1210 3585 368.
2258 3526 2525 3601 Spuyna
2564 3526 2659 3585 em·
2700 3524 2968 3597 00212,9
2994 3524 3315 3586 Dezemboe
3340 3524 3531 3588 1218.

1194 3620 1613 3693 MCCXVIII,
1659 3622 1710 3682 V
1773 3622 1856 3682 id.
1922 3622 2081 3693 dec„
2140 3622 2311 3699 ind}
2328 3620 2471 3681 VII.
2576 3623 2929 3683 Conservat
2992 3629 3291 3687 mentem.
3350 3624 3533 3703 quod

1075 3728 1255 3781 carta
1295 3719 1596 3780 scribitur
1637 3739 1814 3798 eque.
1857 3722 1864 3797 Ι
1899 3719 2151 3780 Turbat
2192 3726 2562 3780 contractus
2588 3719 3003 3799 perfectaque
3030 3720 3197 3780 ratio
3228 3740 3435 3799 neque
3453 3724 3523 3796 ¹¹).

1079 3820 1539 3878 Bona-ventura
1581 3817 1782 3877 abbas
1813 3837 1984 3877 mon.
2030 3836 2077 3875 ε.
2125 3816 2475 3877 salvatoris
2518 3816 2598 3877 de
2640 3816 2999 3897 Spongia
3040 3822 3103 3877 et
3146 3816 3528 3895 capitulum,

1077 3917 1317 3977 scilicet
1345 3916 1572 3974 Petrus
1603 3915 1894 3974 sacerdos
1924 3916 2327 3985 camerariuS,
2361 3914 2676 3987 Placidus,
2702 3914 3085 3985 Bernardua
3108 3913 3407 3975 Matheus
3430 3934 3535 3975 sa·

1077 4014 1382 4083 cerdote8‚
1430 4012 1747 4073 Orlandus
1791 4012 1975 4085 diac„
2021 4012 2499 4072 Ildibrandinus
2541 4012 2849 4086 subdiac„
2892 4012 3100 4093 presb.
3132 4012 3533 4075 Mercatante

1078 4119 1286 4171 rector
1329 4117 1394 4170 et
1436 4111 1846 4188 cappellanus
1889 4111 2039 4171 ecel.
2086 4131 2134 4169 S.
2181 4110 2379 4169 Marie
2418 4110 2499 4169 de
2540 4110 2730 4174 Colle.
2775 4110 3035 4171 clericus
3092 4110 3289 4188 ipsius
3332 4128 3530 4183 mon.‚

1080 4209 1466 4272 Sostanallia
1506 4208 1784 4268 sindicus
1831 4228 2022 4281 mon.‚
2068 4228 2184 4285 pro
2224 4207 2619 4285 expediendo
2661 4206 2881 4267 debito
2909 4208 3283 4269 imminente
3310 4208 3537 4267 vendi·

1231 4450 1268 4508 ¹)
1309 4446 1616 4503 Michaelis,
1657 4448 1722 4496 29
1761 4446 2078 4508 September,
2118 4444 2203 4493 die
2242 4444 2429 4510 Optave
2466 4443 2581 4491 also
2629 4459 2719 4491 am
2769 4444 2799 4492 6
2840 4443 3074 4491 Oktober.
3291 4443 3333 4505 ⁸)
3369 4442 3539 4493 Duo·

1083 4536 1259 4586 selLen
1298 4536 1582 4597 qereimten
1618 4534 1674 4581 H
1676 4541 1935 4583 exameter
1968 4532 2177 4582 werden
2215 4534 2352 4581 11⁸0
2390 4533 2453 4581 in
2492 4532 2837 4593 Fauianam
2878 4531 3185 4593 qebrcmeht:
3216 4530 3541 4581 Dwidoohn

1086 4624 1383 4675 Geechiehte
1409 4638 1514 4673 von
1538 4623 1762 4672 Florenz
1787 4622 1822 4671 I
1850 4626 1951 4671 «8¹03
1980 4622 2025 4669 ,4
2036 4622 2332 4682 nmerkunq
2360 4624 2407 4673 2.
2434 4622 2524 4671 der
2549 4622 2625 4670 sie
2663 4620 2966 4671 irrthmlich
3002 4619 3087 4670 ah
3122 4621 3545 4683 Reimproeoe

1083 4714 1390 4765 bmiohmt.
