3817 5642
1097 584 1197 635 1³4
1736 583 2180 637 REGESTUM
2218 582 2903 638 VOLATERRANUM

1089 774 1448 847 nafidanza,
1493 778 1764 849 Bar-one,
1797 776 2089 857 Galgano
2116 778 2484 839 consulibus
2510 778 2687 840 Vult.
2718 780 3193 839 restitutionem
3222 778 3539 857 Gedardi)

1089 873 1170 934 de
1209 872 1496 946 Tellena,
1523 874 1816 945 filiorum,
1847 894 2060 936 rerum
2090 896 2217 955 que
2244 894 2460 936 secum
2500 878 2811 954 portavit,
2854 875 3293 937 liberationem
3330 878 3467 937 eius
3504 896 3544 937 a

1090 980 1496 1034 sacramento
1535 972 1902 1034 consulibus
1942 973 2123 1034 facto
2162 980 2226 1033 et
2272 980 2347 1033 ut
2400 980 2811 1035 revertantur
2864 972 2949 1034 ad
3002 976 3265 1035 servitia
3307 978 3541 1049 omnia,

1089 1071 1244 1149 quia
1283 1071 1572 1132 consules
1612 1092 1758 1132 eum
1801 1072 2011 1133 iurare
2062 1082 2132 1133 et
2171 1080 2343 1132 stare
2384 1072 2562 1133 Vult.
2618 1070 2909 1131 fecerunt
2964 1080 3032 1133 et
3086 1091 3126 1132 a
3178 1072 3545 1151 longissimo

1091 1174 1379 1247 tempore
1419 1170 1660 1231 fuerint
1701 1174 1765 1230 in
1809 1172 2206 1249 possessione
2240 1170 2579 1250 Gre(gorii)
2608 1175 2677 1231 et
2716 1172 2920 1249 patris
2960 1170 3253 1231 faciendo
3280 1171 3545 1231 servitia

1087 1266 1344 1328 servilia
1385 1274 1448 1327 et
1494 1267 1832 1341 colonaria,
1877 1270 2321 1347 aggnovimus.
2364 1274 2442 1329 ut
2470 1266 2761 1329 consules
2800 1271 3149 1330 restituant
3191 1268 3543 1333 Gerardum

1089 1370 1155 1423 et
1212 1383 1309 1425 res
1365 1384 1568 1445 usque·
1608 1365 1692 1426 ad
1733 1367 1781 1427 C
1832 1364 1940 1427 lib.
1985 1372 2051 1425 et
2093 1365 2439 1426 absolvant
2492 1384 2533 1426 a
2574 1372 2999 1427 sacramento,
3086 1366 3543 1437 MOCXVIIII,

1085 1458 1152 1520 X
1193 1460 1318 1521 kal.
1365 1462 1516 1535 ian„
1559 1462 1690 1523 ind.
1736 1461 1925 1525 VIII.
2010 1464 2161 1523 Dat.
2206 1461 2453 1524 Casulis
2492 1465 2559 1523 in
2600 1458 2881 1523 claustro
2928 1461 3151 1541 plebis.
3236 1462 3543 1542 Magistro

1091 1558 1297 1619 Britio
1339 1559 1483 1620 Son.
1529 1558 1812 1621 Plebano
1851 1560 1934 1620 de
1974 1559 2270 1621 Castello.
2300 1561 2519 1621 Priore
2542 1560 2625 1621 de
2654 1560 2968 1621 Pauran0.
2998 1559 3216 1621 Presb.
3262 1560 3545 1622 Alberto.

1094 1653 1310 1716 Presb.
1341 1654 1593 1735 Ispeme
1615 1674 1754 1717 can.
1786 1655 2009 1735 plebis.
2042 1658 2413 1735 Bonaparte
2441 1656 2550 1736 qd.
2588 1657 2783 1717 Petri.
2818 1657 3011 1717 Petro
3036 1656 3145 1736 qd.
3174 1656 3438 1734 Ugolim'
3462 1664 3544 1717 tt.

1089 1752 1392 1813 Albertus
1433 1764 1568 1816 not.

1411 1853 1668 1915 Florenz
1709 1852 1860 1915 Ast.
1907 1854 2097 1929 (Volt.
2128 1873 2191 1915 π.
2223 1854 2367 1930 192)
2412 1852 2582 1931 Oriq.

1091 2049 1228 2109 380.
1701 2050 1998 2111 Pomno
2038 2051 2109 2111 di
2158 2048 2431 2113 volterra
2476 2050 2594 2126 (bei
2636 2050 2902 2129 (la-sole),
2946 2050 3028 2111 23
3066 2050 3323 2111 Januar
3362 2051 3543 2113 1220.

1213 2146 1387 2208 Bene
1429 2148 1708 2209 sindicus
1749 2149 2119 2209 comunis
2160 2147 2376 2209 Vult.
2420 2167 2633 2209 coram
2680 2147 2883 2220 vobis,
2928 2148 3279 2209 Paltonerii
3322 2168 3546 2229 prepo-

1089 2245 1213 2305 site
1253 2242 1333 2305 de
1375 2244 1598 2305 Monte
1637 2246 2015 2323 Vult(rario)
2058 2252 2127 2309 et
2168 2244 2487 2307 Vesconte
2526 2246 2913 2325 archipresb.
2954 2244 3035 2306 de
3074 2244 3265 2318 Colle,
3312 2247 3425 2325 qui
3450 2266 3549 2306 as-

1089 2342 1296 2403 seritis
1337 2362 1454 2404 vos
1495 2343 1733 2405 iudices
1775 2364 1941 2423 pape
1982 2342 2307 2423 delegatos
2348 2346 2516 2405 inter
2542 2364 2645 2405 me
2672 2362 2789 2423 pro
2815 2346 3077 2405 comuni
3100 2350 3167 2403 et
3196 2343 3551 2405 Belfortem

1089 2442 1298 2503 civem
1340 2439 1517 2503 Vult.
1559 2460 1752 2520 super
1789 2441 2289 2521 appellationem
2331 2460 2449 2523 pro
2486 2443 2750 2505 comuni
2800 2442 3043 2503 factam
3098 2442 3184 2503 ab
3238 2442 3549 2521 archiepi-

1091 2556 1286 2617 scopo
1327 2537 1562 2599 Pisano
1602 2546 1670 2600 et
1711 2538 1862 2613 abb.
1899 2560 1951 2601 s.
1982 2538 2168 2601 Pauli
2194 2539 2275 2601 de
2306 2540 2477 2621 Ripa
2506 2540 2661 2601 Arni
2690 2545 2761 2601 et
2786 2539 3081 2602 Suffredo
3108 2559 3248 2601 can.
3292 2540 3552 2613 Pisano,

1091 2640 1413 2713 protestor
1453 2654 1571 2696 vos
1607 2656 1739 2699 non
1781 2658 1967 2717 posse
2007 2641 2073 2697 in
2114 2638 2237 2697 hac
2278 2656 2473 2699 causa
2510 2636 2851 2717 procedere
2890 2643 2959 2699 et
3012 2656 3114 2698 me
3154 2658 3273 2697 vos
3312 2636 3553 2698 habere

1091 2740 1440 2810 suspectos,
1486 2734 1660 2814 quod
1700 2734 1909 2813 prima
1958 2737 2097 2797 vice
2150 2738 2403 2797 citastis
2460 2734 2747 2797 consules
2802 2734 2977 2796 Vult.
3018 2734 3240 2815 primis
3296 2734 3555 2808 litteris,

1093 2828 1326 2908 quibus
1345 2832 1802 2893 nominabatur
1823 2833 2127 2905 Reum-te,
2158 2836 2607 2913 peremptorie,
2634 2833 2811 2912 quod
2837 2834 3199 2913 prepositus
3226 2832 3306 2892 de
3326 2832 3555 2893 Monte

1091 2926 1268 2988 Vult.
1312 2936 1411 2989 est
1451 2932 1820 3009 suppositus
1866 2932 2179 3011 (Pagano)
2224 2950 2325 3010 ep.
2367 2929 2567 3003 Vult„
2601 2932 2715 3011 qui
2756 2932 3035 2991 maxime
3068 2930 3251 2991 favet
3278 2928 3554 2990 Belforti

1089 3030 1160 3084 et
1199 3031 1298 3086 est
1339 3028 1473 3087 eius
1516 3030 1697 3105 quasi
1752 3028 2105 3101 familiaris,
2150 3036 2217 3090 et
2257 3030 2411 3109 quia
2450 3048 2551 3107 ep.
2596 3030 2923 3107 preposito
2974 3026 3097 3089 sub
3152 3046 3317 3123 pena
3358 3026 3557 3087 officii

1089 3124 1394 3201 precepit,
1439 3125 1612 3203 quod
1653 3144 1914 3185 causam
1957 3128 2141 3204 quasi
2180 3128 2506 3205 propriam
2548 3126 2959 3203 episcopatus
2996 3105 3284 3184 foveret.
3304 3122 3407 3182 Ad
3436 3142 3555 3201 pa-

1093 3238 1246 3297 pam
1270 3220 1540 3298 appello.
1626 3222 1768 3280 Act.
1793 3232 1947 3282 ante
1976 3222 2121 3283 eccl.
2151 3222 2233 3283 de
2260 3218 3221 3293 Pomano.MCCXV1111‚x
3244 3218 3368 3279 kal.
3396 3218 3537 3281 feb.
3520 3266 3559 3291 .,

1089 3315 1222 3375 ind.
1256 3316 1440 3377 VIII.
1527 3318 1711 3379 Piero
1753 3323 1888 3379 not.
1936 3318 2253 3381 Palmerio
2297 3318 2403 3398 qd.
2446 3319 2781 3379 Guerrerii.
2835 3316 3051 3379 Presb.
3096 3314 3405 3377 Bonafide
3466 3324 3551 3377 tt.

1092 3412 1585 3476 Bartholomeus
1626 3415 1733 3497 qd.
1778 3417 2059 3477 Moronti
2102 3437 2148 3477 s.
2192 3418 2347 3495 imp.
2392 3422 2528 3477 not.

1409 3511 1668 3572 Florem
1711 3512 1864 3573 Ast.
1914 3513 2105 3589 (Volt.
2146 3534 2211 3574 n.
2243 3513 2388 3588 184)
2430 3512 2601 3589 Oriq.

1093 3705 1230 3766 381.
2744 3706 3005 3775 Viterbo.
3050 3708 3091 3768 2
3131 3704 3337 3784 April
3362 3704 3547 3765 1220.

1213 3802 1629 3865 Honorius
1691 3806 1822 3867 III
1879 3806 2347 3880 archidiacono,
2406 3807 2733 3886 preposito
2786 3812 2855 3867 et
2914 3805 3223 3884 magistro
3276 3800 3553 3863 Oderico

1092 3919 1232 3962 can.
1256 3900 1660 3963 senensibus.
1725 3903 2007 3965 Nuntiat
2028 3903 2150 3965 sibi
2172 3924 2211 3965 a
2236 3903 2529 3982 (Iacobo)
2554 3902 2941 3982 archipresb.
2971 3901 3149 3964 Vult.
3170 3899 3551 3972 innotuisse,

1091 4000 1265 4079 quod
1297 4000 1643 4079 (Paganus)
1669 4002 1843 4063 Vult.
1887 4023 1988 4082 ep.
2034 4003 2281 4082 fingens
2320 4022 2465 4062 eum
2514 4000 2828 4062 violentas
2870 4018 3099 4061 manus
3138 4000 3206 4059 in
3246 3998 3549 4058 clericum

1089 4098 1374 4159 iniecisse
1417 4101 1626 4177 ipsum
1669 4098 2111 4179 multipliciter
2152 4101 2491 4179 inquietat.
2536 4097 2825 4169 Mandat,
2868 4103 3212 4177 quatenus,
3250 4092 3471 4173 quod‘
3452 4114 3549 4154 m·

1089 4200 1264 4255 stum
1303 4195 1516 4269 fuerit,
1563 4203 1834 4259 statuat.
1920 4217 1949 4255 «
1971 4198 2072 4258 Ex
2114 4197 2547 4257 insinuatione
2568 4216 2615 4256 ι).
2700 4194 2852 4255 Dat.
2896 4193 3169 4255 Viterbii
3208 4191 3349 4253 IIII
3389 4209 3547 4252 non.

1090 4312 1245 4371 apr„
1289 4300 1469 4374 pont
1513 4294 1677 4357 1111.

1417 4395 1572 4456 Volt.
1605 4394 1829 4471 AC‘ap.
1859 4412 1925 4453 n.
1955 4392 2077 4454 195
2102 4391 2272 4469 Oriy.
2306 4392 2520 4469 (Bulla
2558 4412 2645 4453 an
2686 4390 3143 4469 Hanlschnur).

1091 4592 1228 4654 382.
2675 4586 3009 4659 Menzano,
3052 4584 3093 4645 ὅ
3133 4582 3323 4661 April
3360 4580 3548 4643 1220.

1208 4689 1316 4750 Pa
1329 4707 1584 4768 ganus
1647 4708 1746 4769 ep.
1799 4688 1977 4750 Vult.
2034 4688 2315 4748 ratificat
2370 4692 2777 4747 contractum
2830 4682 3079 4743 factum
3137 4700 3177 4741 a
3238 4680 3549 4758 magistro

1085 4788 1502 4850 Buonaourso
1543 4788 1757 4852 Perae
1803 4786 2085 4847 Martino
2112 4792 2179 4846 et
2214 4784 2397 4845 Piero
2422 4782 2732 4844 fratribus
2760 4781 2841 4843 de
2872 4780 3025 4841 villa
3055 4778 3369 4860 episcopi;
3396 4794 3549 4855 pro·
