3817 5642
1079 544 1180 595 12ss
1715 543 2161 599 REGESTUM
2200 544 2307 597 VO
2315 543 2885 597 LATERRANUM

1071 740 1497 801 Monteviride
1538 740 1624 801 ad
1665 739 1792 801 kal.
1837 741 1965 801 ian.
2050 742 2191 800 Act.
2237 739 2415 801 Vult.
2458 740 2525 801 in
2565 740 2761 801 domo
2802 740 3071 801 filiorum
3130 740 3241 820 qd.
3286 740 3531 819 Burgo-

1071 838 1316 915 gnonia
1403 838 1664 901 Ruffolo
1703 838 1814 919 qd.
1859 838 2235 899 Guiccherii.
2282 838 2667 899 Baldinocto
2709 838 2815 917 qd.
2862 838 3154 899 Dainelli.
3200 836 3533 899 Africante

1072 933 1178 1013 qd.
1221 934 1522 995 Chicchii.
1607 934 2005 996 Isimbardus
2048 941 2183 995 not.

1393 1032 1658 1093 morena
1687 1032 1840 1093 Asc.
1873 1032 2063 1107 (Volt.
2094 1033 2257 1093 1217
2284 1034 2361 1093 II
2390 1034 2449 1105 1,
2482 1052 2546 1093 n.
2576 1032 2721 1109 157)
2748 1033 2923 1109 Oria.

1075 1227 1212 1285 354.
2646 1228 2943 1299 Volsco-ra,
2974 1226 3015 1287 9
3038 1226 3321 1287 Februa»-
3348 1225 3531 1287 1218.

1193 1324 1666 1397 MOCXV11,V
1695 1325 1782 1387 id.
1813 1326 1943 1387 feb.
2048 1326 2511 1403 Fraiepane
2551 1325 2763 1387 Vult
2794 1330 3173 1403 potestas
3208 1330 3533 1403 protestor

1073 1442 1284 1483 coram
1333 1421 1516 1483 vobis
1559 1422 1824 1483 Alberto
1867 1423 2167 1483 Massano
2206 1443 2328 1501 ep„
2372 1442 2538 1502 pape
2578 1422 2895 1501 delegate,
2940 1440 3055 1501 pro
3084 1422 3269 1483 vobis
3298 1428 3365 1481 et
3396 1422 3535 1501 ple-

1075 1518 1244 1581 bano
1287 1520 1664 1596 Be(rnardo)
1709 1521 2127 1600 condelegato
2178 1528 2394 1581 vestro
2448 1540 2639 1599 super
2690 1522 3051 1599 cognitione
3108 1518 3529 1595 laudamenti,

1074 1636 1202 1677 non
1225 1616 1680 1697 preiudioando
1701 1620 1979 1691 comuni,
2010 1621 2063 1679 si
2092 1618 2577 1680 laudamentum
2600 1638 2727 1679 non
2750 1626 2869 1691 est,
2900 1617 3075 1697 quod
3096 1624 3365 1695 paratus
3385 1636 3533 1677 sum

1075 1716 1409 1777 ostendere
1447 1736 1662 1778 coram
1707 1716 1911 1788 vobiS,
1953 1715 2129 1795 quod
2157 1715 2239 1776 de
2268 1718 2403 1777 iure
2430 1736 2561 1777 non
2596 1723 2795 1789 tenet,
2824 1716 3003 1795 quod
3042 1714 3291 1776 dictum
3334 1715 3460 1776 fuit
3492 1734 3539 1774 a

1075 1815 1406 1891 M(artino)
1435 1834 1535 1891 ep.
1567 1822 1630 1874 et
1661 1814 2106 1891 mortononno)
2138 1816 2465 1893 preposito
2491 1815 2669 1875 Aret.
2700 1816 2869 1875 inter
2896 1814 3283 1893 (Paganum)
3314 1833 3417 1892 ep.
3458 1818 3533 1873 et·

1074 1912 1425 1971 civitatem.
1471 1912 1746 1973 Paratus
1789 1932 1931 1973 sum
1978 1918 2259 1991 prestare
2300 1915 2663 1973 cautionem
2708 1912 2945 1973 iudicio
2986 1912 3147 1972 sisti.
3198 1911 3301 1973 Ex
3344 1916 3537 1990 parte

1073 2027 1241 2087 pape
1271 2028 1384 2069 vos
1413 2010 1684 2088 inquire,
1715 2014 1790 2069 ut
1819 2010 2109 2071 homines
2139 2008 2315 2071 Vult.
2348 2009 2429 2071 ab
2458 2010 3121 2071 excommunicatione
3148 2007 3533 2069 absolvatis.

1075 2106 1217 2165 Act.
1263 2106 1438 2165 Vult.
1482 2107 1546 2167 in
1575 2106 1752 2165 curia
1778 2126 1879 2184 ep.
1940 2105 2315 2167 Ildibrando
2344 2105 2617 2184 plebano
2644 2104 2723 2164 de
2750 2105 3080 2185 Campilia.
3114 2106 3358 2183 Tempo
3386 2125 3533 2165 can.

1075 2202 1390 2263 Massauo,
1423 2203 1640 2264 Presb.
1687 2204 2027 2263 Vincentio
2068 2204 2443 2281 cappellano
2486 2204 2635 2263 eccl.
2680 2222 2730 2262 s,
2776 2204 3017 2281 Angeli.
3060 2203 3277 2264 Presb.
3318 2202 3537 2264 Bona-

1075 2302 1241 2361 mico
1281 2299 1548 2361 custode
1587 2302 1738 2361 eccl.
1783 2322 1832 2361 e.
1877 2302 2077 2361 Mario
2120 2301 2295 2361 Vult.
2353 2301 2571 2362 Preeb.
2618 2300 2898 2361 Mai-tino
2946 2300 3321 2379 cappellano
3372 2300 3533 2360 eccl.

1071 2418 1122 2459 a.
1167 2399 1410 2459 Lazari.
1497 2398 1892 2459 Isimbardus
1932 2420 1985 2459 s.
2028 2402 2183 2477 imp.
2230 2406 2363 2459 not.

1391 2495 1652 2555 Florenz
1683 2495 1834 2555 Ast.
1869 2496 2061 2571 (Vola.
2097 2496 2255 2557 1217
2288 2496 2363 2555 II
2392 2494 2451 2567 9,
2480 2516 2543 2557 τι.
2575 2495 2719 2571 158)
2748 2496 2923 2572 Oriq.

1073 2694 1212 2755 355.
1371 2676 1376 2681 ’
2606 2692 2902 2758 volterra,
2936 2692 3015 2751 12
3042 2688 3318 2751 februar
3349 2692 3539 2751 1218.

1193 2790 1578 2861 MCCXVH,
1625 2790 1755 2851 ind.
1801 2790 1913 2858 VI,
1972 2790 2175 2868 pridie
2236 2789 2317 2850 id.
2362 2789 2522 2851 febr.
2608 2790 3238 2869 Frangnepanis
3294 2788 3541 2851 Vult.

1072 2896 1454 2968 pot-estas
1493 2888 1575 2949 de
1615 2888 1878 2949 coneilio
1909 2888 2177 2948 Sti-enne
2206 2887 2311 2967 qd.
2344 2888 2700 2957 Silimanni‚
2730 2886 3159 2965 Bonparentis
3188 2887 3293 2965 qd.
3322 2886 3537 2949 Bone-

1071 2987 1240 3059 fidei,
1285 2985 1660 3067 Boneguide
1698 2986 1808 3064 qd.
1852 2986 2055 3046 Parisi
2098 3004 2383 3047 meorum
2424 2986 2947 3055 consiliariorum,
2992 2984 3323 3045 consulum
3370 3004 3541 3045 mer·

1073 3092 1385 3155 catorum,
1429 3084 1774 3161 provisoris
1815 3089 1881 3142 et
1924 3084 2185 3143 rectoris
2242 3083 2423 3161 burgi
2480 3102 2529 3142 a.
2572 3082 2791 3152 Mario,
2848 3081 3113 3141 rectoris
3165 3080 3247 3141 de
3300 3082 3539 3143 Prato-

1073 3200 1308 3253 marzO,
1351 3188 1670 3241 rectorum
1712 3180 1793 3240 de
1842 3181 2041 3240 Porta
2096 3179 2317 3251 silicie,
2362 3182 2625 3241 rectoris
2680 3198 2731 3241 a.
2776 3178 3081 3239 Iohannis
3134 3185 3203 3239 et
3256 3178 3539 3241 aliorum

1071 3279 1248 3339 XLV
1290 3284 1612 3356 protestor
1651 3296 1866 3337 coram
1909 3277 2095 3337 vobis
2124 3277 2389 3338 Alberto
2418 3278 2717 3337 Massano
2743 3296 2844 3355 ep.
2872 3282 2941 3337 et
2969 3275 3261 3337 Guidone
3288 3276 3543 3339 abbate

1070 3397 1116 3436 s.
1161 3376 1487 3435 Michaelis
1527 3374 1609 3435 de
1655 3376 1868 3453 Burgo
1909 3375 2036 3435 Pis.
2080 3375 2389 3451 delegatis
2422 3394 2589 3453 pape
2615 3374 2703 3434 ad
2728 3373 3137 3435 concordiam
3164 3374 3537 3435 faciendam

1069 3474 1237 3535 inter
1282 3474 1884 3553 (PaganquVult.
1928 3490 2027 3551 ep.
2072 3480 2135 3532 et
2182 3492 2301 3545 me,
2334 3472 2511 3551 quod
2536 3477 2804 3550 paratus
2831 3490 2975 3533 sum
3002 3473 3543 3549 compromittere

1067 3574 1136 3633 in
1179 3592 1313 3633 voa.
1399 3573 1540 3632 Act.
1586 3571 1760 3632 Vult..
1805 3573 1868 3631 in
1911 3571 2158 3648 palatio
2196 3591 2296 3650 ep.
2393 3570 2637 3649 Tempo
2696 3590 2837 3632 can.
2896 3569 3087 3631 Mass.
3140 3568 3545 3633 Ildebrando

1069 3669 1346 3747 plebano
1385 3670 1465 3730 de
1505 3670 1856 3748 Campillia.
1905 3670 2224 3729 Ieronimo
2267 3688 2538 3729 monaco
2562 3688 2613 3729 a.
2645 3666 2811 3729 Iusti
2839 3675 2921 3728 tt.
3006 3667 3297 3729 Ventura
3324 3668 3539 3729 'Prim-

1069 3768 1274 3830 chetti
1315 3770 1466 3847 imp.
1509 3768 1652 3829 aule
1693 3774 1830 3827 not.

1386 3866 1647 3926 Florenz
1674 3864 1827 3925 Ast.
1861 3866 2053 3941 (Volt.
2083 3866 2243 3925 1217
2272 3864 2351 3925 II
2379 3865 2477 3937 12,
2510 3884 2573 3925 n.
2604 3863 2749 3941 159)
2780 3864 2953 3941 Θήῃ.

1072 4064 1208 4122 356.
2606 4059 2655 4119 V
2660 4059 2903 4131 ouer-ra,
2934 4059 3015 4119 17
3040 4058 3318 4120 Februar
3345 4059 3540 4119 1218.

1190 4162 1354 4221 MC(
1347 4158 1575 4233 ·,XVII
1621 4157 1793 4219 XIII
1823 4159 1949 4219 kal.
1980 4165 2191 4229 mart„
2222 4158 2352 4219 ind.
2386 4157 2499 4219 VI
2586 4158 3075 4235 Fraiepanis
3116 4156 3342 4219 Vult.
3386 4176 3537 4235 po-

1069 4266 1337 4319 testas
1379 4259 1458 4318 de
1498 4277 1810 4317 consensu
1853 4256 1959 4317 111
2002 4256 2524 4327 consiliariorum,
2570 4254 2640 4316 11
2682 4255 3013 4315 consulum
3074 4262 3539 4331 mercatorum,

1069 4355 1138 4416 II
1181 4356 1682 4433 proveditorum,
1735 4354 2023 4415 XLVIII
2079 4353 2415 4413 hominum
2470 4355 2811 4414 constituit
2866 4358 3341 4431 procuratorem
3402 4352 3539 4431 1.¹)

1069 4454 1242 4515 Vult.
1287 4452 1669 4531 archipresb.
1709 4472 1900 4530 super
1928 4472 2119 4512 causa
2150 4452 2321 4511 inter
2350 4450 2731 4530 (Paganum)
2762 4470 2865 4529 ep.
2898 4457 2965 4511 et
2994 4452 3185 4521 cives,
3214 4452 3317 4510 cui
3346 4450 3543 4511 dedit.

1065 4558 1456 4633 potestatem
1503 4550 1834 4629 prestandi
1875 4551 2239 4611 cautionem
2284 4568 2468 4628 pape,
2501 4548 2675 4628 quod
2702 4564 2974 4611 comune
3002 4553 3069 4609 et
3096 4547 3387 4609 homines
3416 4569 3543 4627 pa·

1217 4760 1258 4821 ¹)
1295 4756 1586 4807 Iacobum.
