3817 5642
1104 561 1205 610 144
1744 553 2190 608 REGESTUM
2229 551 2920 607 VOLATERRANUM

1098 753 1391 814 lincionis
1430 758 1501 814 et
1544 751 1972 824 Bencivenne,
2019 749 2260 812 Iacobo
2301 749 2582 822 Torselli,
2625 748 2928 817 TorsellQ
2981 748 3302 808 Burnetto
3351 747 3564 826 lugnii

1099 851 1349 911 tutorio
1386 851 1647 911 nomine
1682 867 1799 927 pro
1840 847 1988 910 filiis
2027 846 2278 910 Cambii
2321 847 2536 928 Iugnii
2587 844 2842 908 civibus
2881 845 3073 918 Flor.,
3117 865 3316 924 quam
3343 863 3444 924 ep.
3475 845 3566 906 eis

1096 947 1300 1010 debet
1340 949 1591 1008 ratione
1632 947 1883 1008 arbitrii
1923 947 2068 1009 dati
2108 965 2222 1026 per
2261 945 2626 1006 Garardum
2665 945 2748 1005 de
2785 945 2982 1004 Prata
3009 949 3079 1004 et
3103 941 3570 1004 Usimbardum

1100 1045 1183 1106 de
1224 1047 1507 1106 Pichena
1534 1049 1599 1122 ¹),
1644 1047 1867 1123 scripti
1911 1065 1950 1104 a
1993 1045 2365 1106 Bonae-urso
2409 1043 2586 1104 Licio
2623 1049 2760 1102 not.
2847 1041 2992 1103 Act.
3021 1043 3090 1102 in
3119 1041 3262 1101 loco
3285 1043 3400 1118 qui
3441 1039 3563 1101 dic.

1102 1144 1161 1204 le
1202 1145 1498 1205 Martiae.
1584 1143 1823 1206 Iacobo
1864 1143 1972 1222 qd.
2019 1143 2080 1202 N
2083 1142 2304 1202 ichole.
2357 1140 2594 1202 Maffeo
2641 1140 2750 1218 qd.
2801 1141 2994 1200 Petri.
3049 1139 3404 1218 Artinisgio
3455 1137 3566 1216 qd.

1100 1241 1439 1302 Orlandini
1482 1241 1563 1302 de
1604 1240 1887 1302 Cluslino
1915 1247 1995 1300 tt.
2078 1237 2440 1312 MOCXXL
2485 1255 2635 1300 non.
2681 1237 2814 1308 iul.,
2859 1236 2991 1298 ind.
3049 1236 3274 1298 VIIII.
3361 1235 3566 1296 Rene·

1098 1341 1237 1400 rius
1276 1345 1415 1400 not.

1436 1437 1595 1498 Vou.
1642 1436 1879 1499 AVeec.
1909 1455 1958 1498 a.
1989 1433 2180 1496 XIII
2206 1435 2330 1498 dec.
2359 1435 2400 1496 3
2425 1456 2490 1497 n.
2521 1435 2562 1496 3
2589 1433 2762 1510 Orio.

1102 1627 1243 1690 407.
2667 1627 2847 1700 Rom,
2889 1627 2970 1688 17
3011 1626 3348 1688 Novembe-
3387 1627 3568 1688 1221.

1232 1727 1645 1788 Honorius
1688 1726 1818 1789 ΙΙΙ
1876 1727 2325 1788 archidiacono
2350 1731 2416 1804 ²),
2475 1725 3010 1804 archipresbitero
3033 1727 3082 1800 ⁸)
3135 1731 3206 1784 et
3257 1725 3570 1804 magistro

1110 1825 1295 1886 Bono
1320 1825 1717 1888 subdiacono
1744 1847 1861 1886 suo
1888 1827 2210 1887 canonicis
2240 1823 2644 1886 Senensibus.
2727 1824 3010 1886 Nuntiat
3035 1822 3393 1902 capitulum
3415 1821 3470 1882 V
3471 1822 3568 1882 ul·

1098 1930 1438 1985 terranum
1480 1931 1907 2002 conquestum
1949 1944 2104 1998 esse,
2149 1925 2324 2002 quod
2367 1923 2448 1984 de
2493 1923 2802 2002 Pignmm,
2845 1922 2928 1981 de
2955 1921 3156 1984 Cedre
3181 1921 3569 1992 sacerdotee,

1106 2017 1181 2080 L.
1226 2019 1306 2080 de
1348 2019 1565 2100 Legoli
1608 2028 1676 2082 et
1714 2021 1823 2082 alii
1864 2021 2042 2084 Vult.
2073 2029 2142 2082 et
2173 2014 2298 2082 Pis.
2329 2021 2496 2082 dioc.
2527 2022 2619 2081 eia
2647 2039 2837 2098 super
2866 2019 3132 2080 decimis
3157 2019 3570 2078 injuriantur.

1110 2118 1401 2192 Mandat,
1445 2126 1766 2198 quatenus
1808 2139 2070 2180 causam
2116 2121 2485 2180 terminent.
2570 2140 2601 2179 α
2625 2119 2858 2180 Dilecti
2901 2117 3018 2180 filii
3036 2140 3083 2181 ο.
3181 2119 3336 2178 Dat.
3380 2116 3573 2178 Late·

1106 2217 1249 2276 rani
1292 2215 1413 2278 XV
1456 2215 1583 2278 kal.
1628 2217 1784 2292 dec.,
1830 2222 2012 2296 pont.
2056 2217 2170 2278 VI.

1438 2313 1599 2376 Vola.
1648 2316 1867 2392 ACap.
1913 2335 1978 2376 n.
2029 2315 2152 2376 196
2197 2315 2404 2376 lmen
2443 2317 2518 2377 in
2557 2315 2743 2376 ἆσαι
2781 2313 3042 2376 Sentenz
3068 2319 3114 2392 ⁴)
3157 2334 3290 2374 vom
3331 2313 3412 2374 26
3451 2313 3576 2374 Fe-

1430 2413 1617 2474 bruar
1659 2415 1838 2475 1222.

1109 2612 1249 2670 408.
2865 2611 3022 2688 <Ver
3060 2611 3142 2674 25
3175 2611 3319 2672 Mai
3360 2611 3578 2687 1222).

1233 2709 1339 2768 Pa
1354 2729 1611 2788 ganu‘z
1654 2710 1831 2770 Vult
1874 2731 1978 2788 ep.
2021 2709 2273 2772 dilectis
2317 2709 2610 2772 fidelibus
2655 2711 2975 2786 B(elforti)
3007 2716 3074 2770 et
3102 2711 3436 2784 V(enture)
3469 2729 3579 2768 ea·

1110 2806 1397 2866 atellanis
1438 2806 1519 2866 de
1561 2807 1895 2866 MonteriO.
1983 2807 2388 2872 Mandamus
2421 2813 2742 2886 quatenus
2771 2826 2938 2868 unus
2978 2813 3262 2868 vestrum
3292 2807 3441 2866 visis
3473 2805 3581 2865 his

1110 2901 1343 2962 litteris
1384 2903 1561 2980 apud
1602 2903 2000 2964 Chiuslinum
2043 2905 2308 2964 accedat
2351 2911 2722 2982 recepturus
2765 2924 2882 2983 pro
2921 2904 3107 2964 nobis
3135 2911 3430 2964 tenutam
3461 2923 3580 2980 po·

1112 2998 1279 3061 deris
1320 2999 1432 3060 filii
1474 3001 1786 3061 Gnidonis
1826 3001 1907 3062 de
1951 3003 2178 3082 vigne,
2223 3005 2337 3082 qui
2391 3023 2596 3082 nuper
2649 3004 2786 3064 sine
2841 3003 3072 3064 herede
3127 3003 3410 3063 Grossati
3463 3001 3583 3062 de-

1104 3100 1319 3170 cessit,
1364 3105 1433 3158 et
1474 3097 1841 3159 inhibeatur
1882 3120 1922 3159 a
1966 3101 2148 3160 vobis
2191 3099 2494 3162 abbatis,
2525 3101 2796 3180 Galgani
2825 3105 2894 3176 ⁵),
2923 3103 3027 3162 cui
3055 3101 3222 3162 filius
3261 3099 3584 3160 Gnidonis

1109 3197 1345 3274 podere
1386 3197 1623 3256 iniuste
1666 3202 1948 3257 testatus
1989 3204 2106 3268 est,
2139 3197 2316 3275 quod
2343 3199 2611 3276 recipiat
2639 3199 2776 3258 eiua
2806 3205 3122 3259 tenutam.
3209 3197 3412 3276 Super
3445 3197 3578 3258 hiis

1114 3311 1229 3350 vos
1270 3289 1543 3352 facimus
1586 3299 2046 3370 procuratoreS.
2095 3291 2161 3353 Si
2201 3299 2354 3353 sunt
2397 3293 2486 3354 ibi
2527 3313 2644 3366 rea,
2691 3313 2816 3371 que
2843 3293 2930 3354 ad
2959 3299 3246 3354 nostram
3275 3312 3406 3354 non
3433 3313 3578 3370 per-

1114 3392 1371 3450 tineant
1412 3391 1747 3462 rationem,
1791 3391 1871 3452 de
1914 3389 2037 3450 illis
2065 3411 2285 3450 versus
2314 3390 2620 3452 abbatem
2651 3411 2778 3452 non
2809 3393 3126 3452 moveatis
3153 3392 3582 3470 questionem.

1440 3487 1643 3547 Insert
1685 3489 1760 3546 in
1803 3507 1865 3548 n.
1913 3487 2048 3548 409.
2097 3489 2370 3564 (Littere
2411 3509 2512 3566 ep.
2549 3497 2734 3548 erant
2764 3489 3038 3568 sigillate
3067 3507 3183 3550 suo
3209 3489 3432 3568 sigule,
3463 3487 3582 3548 ha·

1442 3584 1597 3645 bens
1638 3587 1984 3665 imaginem
2029 3606 2128 3665 ep.
2173 3587 2382 3664 parati
2415 3593 2476 3644 et
2509 3587 2576 3647 in
2605 3588 2874 3647 circuitu
2917 3586 3200 3646 dicentes
3241 3585 3582 3666 «Sigillum

1442 3683 1683 3762 Pagani
1728 3683 1879 3744 Wlt.
1925 3671 2118 3762 epit).

1118 3879 1261 3939 409.
2672 3879 3040 3952 Chiusdino,
3085 3881 3165 3940 25
3208 3881 3352 3941 Mas·
3395 3881 3579 3942 1222.

1242 3975 1638 4040 MCC-XXII
1686 3977 1852 4036 VIII
1893 3976 2020 4036 kal.
2065 3979 2220 4048 iun„
2265 3977 2394 4037 ind.
2441 3977 2525 4036 X.
2639 3978 3012 4054 Paganus
3070 3977 3243 4037 Vult.
3287 3997 3388 4055 ep.
3433 3977 3583 4038 Bel-

1116 4074 1357 4137 Iortem
1398 4077 1467 4134 et
1509 4074 1863 4135 Venturam
1906 4075 2286 4135 castellanos
2315 4075 2396 4135 de
2428 4077 2741 4135 Monterio
2769 4082 3210 4152 procuratores
3239 4077 3585 4136 constituit

1120 4191 1235 4251 per
1274 4191 1423 4232 suas
1464 4173 1745 4232 litteras·
1765 4179 1785 4248 )
1838 4173 1922 4232 ad
1977 4174 2410 4250 recipiendam
2464 4179 2761 4233 tenutam
2815 4171 2896 4232 de
2951 4171 3188 4250 podere
3228 4171 3332 4252 qd.
3377 4171 3584 4252 Ugui-

1114 4271 1323 4332 cionis
1364 4271 1557 4330 Guidi
1612 4269 1695 4328 de
1736 4271 1965 4348 Vigna.
2021 4270 2324 4342 Belforte,
2381 4289 2529 4330 cum
2583 4277 2754 4332 esset
2809 4271 3142 4342 Monterio,
3187 4271 3456 4332 accessit
3497 4271 3586 4330 ad

1268 4505 1309 4567 ¹)
1336 4503 1495 4553 Siohe
1535 4503 1666 4552 oben
1702 4519 1755 4554 n.
1797 4507 1916 4554 363.
2037 4507 2080 4569 τ)
2121 4505 2384 4556 MartinO.
2499 4503 2540 4566 ⁸)
2568 4505 2829 4554 Μαι-ϋηο.
2977 4505 3020 4568 ⁰)
3047 4503 3208 4554 Dine
3231 4505 3460 4554 Sentenz
3485 4505 3592 4555 mit

1119 4593 1243 4643 sehr
1278 4593 1719 4656 amsanqreichen
1744 4593 2247 4656 Zeuqenaueeayen,
2289 4595 2416 4644 aber
2451 4595 2537 4644 die
2574 4595 2662 4644 ich
2698 4609 2722 4644 4
2741 4593 2957 4644 Bistam
2978 4595 3096 4644 und
3119 4593 3542 4654 Geldwiruchaft
3563 4613 3592 4640 ι

1120 4680 1161 4732 Ι
1198 4683 1263 4732 34
1300 4682 1343 4742 Ι.
1378 4682 1559 4743 einim
1584 4680 1851 4743 Anouben
1868 4683 2108 4744 51⁶an
2125 4683 2272 4742 hebo,
2298 4682 2400 4732 eon
2423 4685 2524 4732 mit
2557 4699 2612 4732 n.
2643 4685 2750 4733 270
2772 4697 2848 4731 m
2871 4683 3094 4732 ander-er
3117 4681 3280 4732 Skile
3305 4683 3594 4746 verodom-

1118 4769 1494 4822 lichtwerden.
1706 4769 1747 4832 θ’)
1786 4771 2070 4820 Iohannes
2107 4773 2150 4822 I.
2331 4769 2376 4833 ε)
2411 4771 2688 4830 Inar-cen,
2726 4787 2780 4822 n.
2821 4773 2940 4822 408.
