3817 5642
799 604 1257 705 REGESTIJBI
1287 604 1908 659 VOLATERRAM
1916 607 1974 659 vl
2521 608 2621 660 301

149 802 430 862 Pratum
469 806 814 879 exceptato
876 802 1148 864 articulo
1201 802 1338 863 MM
1389 822 1698 882 equorum
1755 802 2305 883 imponendorum,
2366 804 2433 862 in
2488 821 2617 880 quo

148 897 364 959 noluit
407 896 726 958 ullatenus
769 901 1144 960 consentire.
1229 900 1374 961 Act.
1420 899 1598 959 Senis
1637 900 1706 960 in
1747 898 2011 978 palatiO‚
2054 900 2123 960 in
2164 918 2293 977 quo
2322 906 2613 960 moratur

147 1001 463 1074 potestas.
548 994 909 1057 Benincasa
949 996 1160 1076 legum
1201 996 1481 1057 doctore.
1525 996 1872 1057 Tomasino
1913 995 2231 1057 Bonianni
2279 994 2361 1056 de
2402 994 2613 1057 Aritio

149 1099 228 1152 tt.
317 1092 803 1166 MOOLXXXI,
847 1094 978 1155 ind.
1024 1094 1108 1164 X,
1152 1094 1256 1155 die
1300 1096 1546 1157 veneris
1589 1094 1722 1154 XX
1745 1094 1891 1171 job.

1369 1290 1647 1361 Florenz,
1689 1290 1768 1351 21
1816 1289 1945 1351 emd
1984 1290 2064 1351 22
2105 1289 2389 1350 Febr-aar
2430 1288 2613 1349 1282.

269 1386 514 1447 Postea
539 1386 872 1447 Landinus
897 1386 964 1446 in
993 1388 1320 1463 presentia
1343 1387 1632 1465 Iacopini
1657 1387 1738 1449 de
1765 1387 2045 1448 Rovillia
2074 1388 2419 1466 potestatis
2448 1386 2611 1447 Flor.

146 1484 320 1543 dixit
362 1484 669 1543 similiter.
754 1483 898 1543 Act.
943 1482 1106 1545 Ποῖ.
1150 1485 1218 1543 in
1261 1484 1502 1561 palatio
1545 1484 1851 1545 comunis.
1938 1484 2271 1546 Guartano
2300 1484 2505 1545 milite
2534 1483 2616 1544 de

149 1580 365 1657 Piglis.
409 1578 810 1641 Francescho
848 1580 930 1641 de
971 1580 1272 1642 Certaldo
1312 1586 1444 1641 not.
1489 1580 1698 1642 XIIII
1739 1580 1820 1642 de
1859 1580 2030 1643 Flor.
2076 1588 2153 1641 tt.
2237 1581 2360 1641 Die
2400 1580 2615 1642 sabati

151 1677 322 1739 XXI
365 1677 492 1738 feb.
701 1704 710 1711 ·

268 1776 504 1837 Coram
546 1776 960 1838 Nicholuccio
1001 1777 1084 1838 de
1129 1777 1280 1837 Esio
1321 1778 1659 1855 capitaneo
1687 1777 1848 1838 Flor.
1883 1778 2050 1837 dixit
2077 1778 2385 1839 similiter.
2471 1779 2618 1840 Act.

147 1872 314 1934 Flor.
348 1874 420 1935 in
445 1875 708 1951 palatio,
740 1875 855 1935 ubi
879 1880 1173 1936 moratur
1199 1874 1590 1953 capitaneus,
1675 1874 2031 1955 Meglorato
2058 1874 2265 1935 iudice
2293 1875 2375 1935 de
2398 1875 2613 1938 Prato.

147 1970 444 2031 Iohanne
483 1977 617 2032 not.
661 1972 767 2051 qd.
811 1972 1120 2033 Iohannis
1161 1973 1242 2034 de
1283 1972 1510 2033 Castro
1548 1972 1922 2034 Florentino
1964 1979 2043 2035 tt.
2130 1972 2248 2033 Die
2289 1973 2616 2033 dominico

149 2066 358 2127 XXII
401 2066 524 2129 feb
612 2068 938 2148 Galganus
979 2070 1085 2149 qd.
1131 2070 1416 2131 Bononis
1456 2070 1538 2130 de
1577 2069 1753 2129 Vult.
1799 2076 1931 2130 not.

475 2164 735 2227 Florem.
760 2168 912 2228 Ast.
946 2166 1140 2245 (Volt.
1175 2168 1333 2229 1281
1362 2167 1445 2228 II
1472 2168 1528 2239 8,
1561 2168 1716 2229 ohne
1748 2168 2078 2243 Nummer)
2122 2168 2293 2243 Oriq.

67 2435 69 2439 ι
149 2364 294 2423 895.
1788 2363 2032 2435 ArezzO,
2076 2362 2159 2422 30
2201 2360 2390 2439 April
2431 2362 2612 2423 1282.

267 2460 670 2541 Bonsignore
711 2462 1105 2539 primicerius
1144 2461 1466 2531 AretinuS,
1512 2480 1676 2539 pape
1729 2460 1925 2521 iudex
1980 2458 2330 2538 delegatae,
2376 2458 2614 2520 subde·

143 2560 401 2637 legatus
446 2558 690 2620 Donati
730 2578 866 2619 can.
911 2559 1085 2619 Aret.
1132 2580 1296 2637 pape
1339 2560 1564 2619 iudicis
1607 2559 1903 2639 delegati,
1951 2564 2019 2619 et
2068 2556 2351 2637 Angelus
2408 2557 2612 2636 plebis

145 2678 189 2716 s.
235 2656 444 2717 Mal-ie
485 2656 659 2717 Aret.
719 2675 855 2716 can.
902 2656 1355 2735 conde-legatus
1411 2658 1477 2715 in
1532 2676 1728 2717 causa
1780 2658 1949 2716 inter
2004 2656 2449 2716 Ranerium
2508 2675 2605 2734 ep.

145 2753 322 2813 Vult.
363 2758 432 2815 et
457 2758 872 2831 potestatem,
906 2754 1314 2831 capitaneum
1348 2760 1414 2813 et
1442 2754 1669 2824 XIIII,
1700 2753 2036 2815 consilium
2064 2759 2131 2815 et
2160 2772 2431 2815 comune
2470 2751 2613 2813 Flo-

143 2850 438 2909 rentinos
475 2866 666 2926 super
709 2851 918 2907 castro
958 2846 1039 2907 de
1083 2846 1448 2909 Pulicciano
1491 2847 1664 2909 Vult.
1695 2849 1856 2909 dioc.
1887 2854 2197 2917 vertente,
2230 2866 2376 2907 cum
2410 2846 2611 2907 Uber-

145 2948 324 3006 tinus
371 2944 764 3023 Angellerius
791 2944 1054 3006 Strozza
1081 2946 1275 3013 iudex
1297 2966 1409 3006 seu
1437 2947 1740 3025 syndicus
1767 2946 1935 3007 Flor.
1962 2948 2047 3008 ad
2072 2945 2357 3007 libellum
2389 2944 2611 3005 Fructi

145 3050 280 3103 not.
329 3043 492 3103 civis
532 3042 706 3103 Aret.
751 3045 1185 3120 procuratoris
1227 3043 1490 3105 Ranerii
1529 3064 1660 3105 non
1712 3044 2166 3123 respondisset,
2212 3043 2327 3103 sed
2382 3040 2613 3104 frivole

145 3137 536 3219 appellasset
579 3158 696 3200 neo
741 3140 954 3202 Cenne
995 3147 1129 3201 not.
1176 3142 1281 3221 qd.
1325 3142 1605 3220 Ugolini,
1649 3142 1760 3220 qui
1801 3160 1867 3201 se
1909 3148 2385 3220 procuratorem
2444 3139 2608 3202 Flor.

143 3242 362 3299 minus
403 3238 718 3316 legittime
759 3240 1103 3313 asserebat,
1149 3260 1296 3300 eum
1337 3262 1376 3299 a
1417 3242 1824 3301 contumacia
1850 3246 2209 3319 purgasset,
2240 3239 2353 3300 sed
2382 3238 2611 3300 eodem

142 3356 357 3397 errore
397 3334 626 3396 frivole
666 3335 1067 3415 appellasset,
1112 3337 1510 3401 Iacominum
1554 3340 1634 3399 de
1677 3336 1959 3399 Rodillia
1993 3343 2413 3416 potestatem,
2442 3335 2609 3397 Pau-

141 3435 276 3495 lum
322 3434 736 3513 capitaneum
789 3433 978 3506 Flor.,
1019 3436 1268 3505 'XIIIL
1325 3436 1658 3499 consilium
1714 3438 2348 3497 excommunicamus
2402 3442 2470 3497 et
2527 3435 2611 3496 ad

143 3534 518 3593 moderatas
558 3552 872 3614 expensas
911 3534 1476 3613 oon'dempnamuS.
1557 3534 1730 3594 Lata
1767 3535 1946 3612 apud
1986 3536 2361 3595 canonicam
2396 3534 2611 3595 Areti-

143 3652 316 3691 nam.
401 3628 921 3701 MGCLXXXII,
963 3629 1247 3691 Martino
1289 3630 1432 3692 IIII
1473 3631 1806 3701 residente,
1853 3632 1955 3692 die
1996 3633 2161 3693 iovis
2192 3632 2421 3693 ultimo
2452 3650 2607 3709 apr„

143 3730 270 3790 ind.
319 3727 406 3788 X.
491 3726 796 3789 Stefanus
839 3728 945 3806 qd.
989 3728 1260 3806 Aquiste
1300 3730 1382 3789 de
1421 3728 1646 3788 Aretio
1687 3734 1823 3789 not.

479 3826 639 3889 Volt.
691 3825 933 3888 AVesc.
988 3846 1038 3887 s.
1082 3826 1272 3887 XIII
1313 3828 1434 3887 dec.
1478 3827 1518 3887 9
1554 3848 1618 3887 n.
1672 3826 1751 3886 44
1791 3826 1963 3902 Oriy.
2058 3828 2409 3903 Verqleiche
2460 3826 2612 3887 Glae-

468 3924 644 3985 rardi
686 3924 983 3987 Consulto
1023 3925 1063 3986 I
1107 3925 1202 3987 86.

146 4126 284 4183 896.
1575 4120 1753 4193 Pisa,
1803 4120 1884 4181 17
1924 4120 2055 4181 und
2096 4121 2177 4180 19
2214 4122 2263 4180 J
2270 4140 2382 4179 unt
2428 4120 2605 4179 1282.

263 4216 783 4287 MCCLXXXII,
828 4220 959 4281 ind.
1005 4218 1090 4291 X,
1134 4219 1238 4279 die
1279 4219 1572 4279 mercurii
1613 4217 1810 4278 XVII
1851 4220 1983 4278 iun.
2072 4218 2412 4278 Barzettus
2478 4224 2610 4277 not.

143 4320 249 4397 qd.
297 4316 568 4395 Galgani
611 4316 693 4377 de
735 4316 934 4389 Vult„
979 4316 1387 4377 ambaxiator
1427 4335 1574 4376 oum
1632 4315 1979 4377 Gualfredo
2033 4316 2477 4377 Caeciacontis
2530 4316 2611 4376 de

142 4414 320 4477 Vult.
351 4434 498 4493 pro
538 4415 868 4474 comuni
906 4366 1142 4487 Vult„
1175 4415 1260 4474 ad
1288 4433 1558 4475 comune
1584 4412 1757 4475 Pia·
1739 4432 1806 4473 m
1833 4414 2156 4491 presentia
2186 4414 2368 4475 anzia
2382 4434 2611 4475 norum

143 4515 268 4577 Pis.
313 4514 605 4577 comunis
645 4514 713 4571 in
753 4510 1000 4590 palatio
1055 4512 1274 4591 populi
1331 4513 1454 4573 Pis.
1512 4512 1957 4591 respondendo
2014 4511 2385 4572 ambassate
2437 4511 2612 4573 facte

141 4634 348 4693 nuper
391 4614 452 4673 in
499 4610 760 4671 comuni
800 4609 978 4670 Vult.
1023 4629 1140 4689 pro
1181 4611 1440 4671 comuni
1469 4610 1590 4669 Pis.
1619 4628 1734 4690 per
1759 4609 2311 4670 Lanfranchinum
2342 4609 2607 4669 militem

142 4722 198 4773 et
249 4708 668 4773 Guilielmum
709 4708 986 4768 iudicem
1046 4710 1126 4768 de
1181 4708 1304 4768 Pis.
1364 4728 1480 4787 pro
1531 4708 1710 4768 facto
1763 4708 1844 4767 de
1899 4708 2142 4768 Ceddrc
2200 4708 2388 4779 dixit,
2442 4708 2613 4786 quod

143 4812 437 4872 homines
479 4807 560 4867 de
601 4806 847 4868 Ceddre
886 4813 1039 4867 suut
1081 4814 1148 4867 ct
1189 4808 1448 4867 fuerunt
1492 4805 1814 4867 censualos
1865 4806 2151 4866 comunis
2196 4805 2394 4876 Vult.;
2442 4807 2608 4884 oapi·
