<?xml version="1.0" encoding="UTF-8"?>
<!DOCTYPE html PUBLIC "-//W3C//DTD XHTML 1.0 Transitional//EN"
    "http://www.w3.org/TR/xhtml1/DTD/xhtml1-transitional.dtd">
<html xmlns="http://www.w3.org/1999/xhtml" xml:lang="en" lang="en">
 <head>
  <title>
</title>
<meta http-equiv="Content-Type" content="text/html;charset=utf-8" />
  <meta name='ocr-system' content='tesseract 3.04.00' />
  <meta name='ocr-capabilities' content='ocr_page ocr_carea ocr_par ocr_line ocrx_word'/>
</head>
<body>
  <div class='ocr_page' id='page_1' title='image "./regestumvolater00schngoog_0289.png"; bbox 0 0 3817 5642; ppageno 0'>
   <div class='ocr_carea' id='block_1_1' title="bbox 894 553 2702 639">
    <p class='ocr_par' dir='ltr' id='par_1_1' title="bbox 894 553 2702 639">
     <span class='ocr_line' id='line_1_1' title="bbox 894 553 2702 639; baseline -0.003 -2"><span class='ocrx_word' id='word_1_1' title='bbox 894 581 1337 639; x_wconf 81' lang='lat' dir='ltr'><strong>REGESTUM</strong></span> <span class='ocrx_word' id='word_1_2' title='bbox 1376 581 2060 636; x_wconf 80' lang='lat' dir='ltr'><strong>VOLATERRANUM</strong></span> <span class='ocrx_word' id='word_1_3' title='bbox 2461 553 2478 564; x_wconf 84' lang='lat'>&#39;</span> <span class='ocrx_word' id='word_1_4' title='bbox 2595 579 2702 632; x_wconf 81' lang='lat'><strong>225</strong></span> 
     </span>
    </p>
   </div>
   <div class='ocr_carea' id='block_1_2' title="bbox 929 678 1214 685">
    <p class='ocr_par' dir='ltr' id='par_1_2' title="bbox 929 678 1214 685">
     <span class='ocr_line' id='line_1_2' title="bbox 929 678 1214 685; baseline 0 4957"><span class='ocrx_word' id='word_1_5' title='bbox 929 678 1214 685; x_wconf 95' lang='lat' dir='ltr'><strong> </strong></span> 
     </span>
    </p>
   </div>
   <div class='ocr_carea' id='block_1_3' title="bbox 232 776 2729 3890">
    <p class='ocr_par' dir='ltr' id='par_1_3' title="bbox 236 776 2707 2027">
     <span class='ocr_line' id='line_1_3' title="bbox 236 776 2704 862; baseline -0.001 -20"><span class='ocrx_word' id='word_1_6' title='bbox 236 783 546 862; x_wconf 79' lang='lat' dir='ltr'><strong>Paganus</strong></span> <span class='ocrx_word' id='word_1_7' title='bbox 587 781 813 842; x_wconf 72' lang='lat' dir='ltr'><strong>debuit</strong></span> <span class='ocrx_word' id='word_1_8' title='bbox 852 782 1093 842; x_wconf 86' lang='lat' dir='ltr'><strong>eisdem</strong></span> <span class='ocrx_word' id='word_1_9' title='bbox 1134 781 1217 840; x_wconf 86' lang='lat' dir='ltr'><strong>ad</strong></span> <span class='ocrx_word' id='word_1_10' title='bbox 1260 779 1405 840; x_wconf 73' lang='lat' dir='ltr'><strong>fest.</strong></span> <span class='ocrx_word' id='word_1_11' title='bbox 1448 799 1497 840; x_wconf 81' lang='lat' dir='ltr'><strong>s.</strong></span> <span class='ocrx_word' id='word_1_12' title='bbox 1540 779 1867 840; x_wconf 76' lang='lat' dir='ltr'><strong>Michaelis</strong></span> <span class='ocrx_word' id='word_1_13' title='bbox 1911 781 1962 840; x_wconf 92' lang='lat' dir='ltr'>C</span> <span class='ocrx_word' id='word_1_14' title='bbox 2015 778 2126 839; x_wconf 83' lang='lat' dir='ltr'><strong>lib.</strong></span> <span class='ocrx_word' id='word_1_15' title='bbox 2171 777 2312 838; x_wconf 86' lang='lat' dir='ltr'><strong>den.</strong></span> <span class='ocrx_word' id='word_1_16' title='bbox 2358 776 2536 838; x_wconf 67' lang='lat' dir='ltr'><strong>Vult.</strong></span> <span class='ocrx_word' id='word_1_17' title='bbox 2586 797 2704 856; x_wconf 86' lang='lat' dir='ltr'><strong>pro</strong></span> 
     </span>
     <span class='ocr_line' id='line_1_4' title="bbox 238 873 2702 958; baseline -0.002 -17"><span class='ocrx_word' id='word_1_18' title='bbox 238 884 453 958; x_wconf 84' lang='lat' dir='ltr'><strong>pret-io</strong></span> <span class='ocrx_word' id='word_1_19' title='bbox 484 881 518 940; x_wconf 95' lang='lat' dir='ltr'>I</span> <span class='ocrx_word' id='word_1_20' title='bbox 546 880 855 956; x_wconf 75' lang='lat' dir='ltr'><strong>dextrarii</strong></span> <span class='ocrx_word' id='word_1_21' title='bbox 895 880 1009 956; x_wconf 90' lang='lat' dir='ltr'><strong>pili</strong></span> <span class='ocrx_word' id='word_1_22' title='bbox 1038 879 1219 956; x_wconf 80' lang='lat' dir='ltr'>nigri,</span> <span class='ocrx_word' id='word_1_23' title='bbox 1250 896 1443 956; x_wconf 84' lang='lat' dir='ltr'><strong>quem</strong></span> <span class='ocrx_word' id='word_1_24' title='bbox 1472 878 1631 938; x_wconf 71' lang='lat' dir='ltr'><strong>emit</strong></span> <span class='ocrx_word' id='word_1_25' title='bbox 1656 876 1741 938; x_wconf 90' lang='lat' dir='ltr'><strong>ab</strong></span> <span class='ocrx_word' id='word_1_26' title='bbox 1770 875 1909 948; x_wconf 89' lang='lat' dir='ltr'><strong>illis,</strong></span> <span class='ocrx_word' id='word_1_27' title='bbox 1939 877 2172 954; x_wconf 83' lang='lat' dir='ltr'><strong>pignus</strong></span> <span class='ocrx_word' id='word_1_28' title='bbox 2199 875 2496 938; x_wconf 70' lang='lat' dir='ltr'><strong>detinent,</strong></span> <span class='ocrx_word' id='word_1_29' title='bbox 2532 873 2702 936; x_wconf 79' lang='lat' dir='ltr'><strong>bona</strong></span> 
     </span>
     <span class='ocr_line' id='line_1_5' title="bbox 238 971 2700 1056; baseline -0.001 -19"><span class='ocrx_word' id='word_1_30' title='bbox 238 977 327 1038; x_wconf 89' lang='lat' dir='ltr'><strong>de</strong></span> <span class='ocrx_word' id='word_1_31' title='bbox 369 977 903 1056; x_wconf 84' lang='lat' dir='ltr'><strong>Ripamarrancia</strong></span> <span class='ocrx_word' id='word_1_32' title='bbox 940 983 1007 1036; x_wconf 72' lang='lat' dir='ltr'><strong>et,</strong></span> <span class='ocrx_word' id='word_1_33' title='bbox 1046 973 1419 1046; x_wconf 79' lang='lat' dir='ltr'><strong>SeraczanO,</strong></span> <span class='ocrx_word' id='word_1_34' title='bbox 1450 979 1629 1034; x_wconf 83' lang='lat' dir='ltr'><strong>carta</strong></span> <span class='ocrx_word' id='word_1_35' title='bbox 1656 972 2074 1044; x_wconf 72' lang='lat' dir='ltr'><strong>Gualterocti,</strong></span> <span class='ocrx_word' id='word_1_36' title='bbox 2105 971 2700 1046; x_wconf 84' lang='lat' dir='ltr'>MCCXXXVIIH,</span> 
     </span>
     <span class='ocr_line' id='line_1_6' title="bbox 238 1062 2700 1151; baseline -0.002 -17"><span class='ocrx_word' id='word_1_37' title='bbox 238 1076 378 1136; x_wconf 87' lang='lat' dir='ltr'><strong>ind.</strong></span> <span class='ocrx_word' id='word_1_38' title='bbox 424 1073 581 1144; x_wconf 89' lang='lat' dir='ltr'>XII,</span> <span class='ocrx_word' id='word_1_39' title='bbox 600 1062 707 1134; x_wconf 85' lang='lat' dir='ltr'><strong>&#39;VI</strong></span> <span class='ocrx_word' id='word_1_40' title='bbox 735 1073 859 1134; x_wconf 79' lang='lat' dir='ltr'><strong>kal.</strong></span> <span class='ocrx_word' id='word_1_41' title='bbox 890 1078 1049 1151; x_wconf 81' lang='lat' dir='ltr'><strong>sept.</strong></span> <span class='ocrx_word' id='word_1_42' title='bbox 1074 1076 1145 1149; x_wconf 85' lang='lat'><strong>¹);</strong></span> <span class='ocrx_word' id='word_1_43' title='bbox 1178 1073 1475 1150; x_wconf 80' lang='lat' dir='ltr'><strong>Paganus</strong></span> <span class='ocrx_word' id='word_1_44' title='bbox 1511 1071 1735 1131; x_wconf 79' lang='lat' dir='ltr'><strong>debuit</strong></span> <span class='ocrx_word' id='word_1_45' title='bbox 1778 1071 2014 1130; x_wconf 87' lang='lat' dir='ltr'><strong>eisdem</strong></span> <span class='ocrx_word' id='word_1_46' title='bbox 2057 1069 2252 1131; x_wconf 90' lang='lat' dir='ltr'>LIIII</span> <span class='ocrx_word' id='word_1_47' title='bbox 2283 1069 2393 1130; x_wconf 86' lang='lat' dir='ltr'><strong>lib.</strong></span> <span class='ocrx_word' id='word_1_48' title='bbox 2433 1071 2518 1132; x_wconf 84' lang='lat' dir='ltr'><strong>ad</strong></span> <span class='ocrx_word' id='word_1_49' title='bbox 2555 1069 2700 1132; x_wconf 68' lang='lat' dir='ltr'><strong>fest.</strong></span> 
     </span>
     <span class='ocr_line' id='line_1_7' title="bbox 239 1167 2701 1248; baseline -0 -19"><span class='ocrx_word' id='word_1_50' title='bbox 239 1193 284 1230; x_wconf 74' lang='lat' dir='ltr'><strong>s.</strong></span> <span class='ocrx_word' id='word_1_51' title='bbox 338 1169 665 1233; x_wconf 73' lang='lat' dir='ltr'>Michaelis</span> <span class='ocrx_word' id='word_1_52' title='bbox 708 1189 1021 1248; x_wconf 84' lang='lat' dir='ltr'><strong>expensas</strong></span> <span class='ocrx_word' id='word_1_53' title='bbox 1062 1171 1131 1230; x_wconf 87' lang='lat' dir='ltr'><strong>in</strong></span> <span class='ocrx_word' id='word_1_54' title='bbox 1170 1169 1228 1230; x_wconf 95' lang='lat' dir='ltr'>V</span> <span class='ocrx_word' id='word_1_55' title='bbox 1270 1167 1481 1230; x_wconf 86' lang='lat' dir='ltr'>bubus</span> <span class='ocrx_word' id='word_1_56' title='bbox 1523 1187 1639 1246; x_wconf 88' lang='lat' dir='ltr'><strong>pro</strong></span> <span class='ocrx_word' id='word_1_57' title='bbox 1666 1167 2034 1230; x_wconf 81' lang='lat' dir='ltr'><strong>laborandis</strong></span> <span class='ocrx_word' id='word_1_58' title='bbox 2065 1169 2247 1228; x_wconf 73' lang='lat' dir='ltr'><strong>terris</strong></span> <span class='ocrx_word' id='word_1_59' title='bbox 2275 1169 2701 1246; x_wconf 58' lang='lat' dir='ltr'><strong>episcopatum</strong></span> 
     </span>
     <span class='ocr_line' id='line_1_8' title="bbox 236 1264 2701 1349; baseline -0.002 -20"><span class='ocrx_word' id='word_1_60' title='bbox 236 1270 481 1349; x_wconf 79' lang='lat' dir='ltr'><strong>pignus</strong></span> <span class='ocrx_word' id='word_1_61' title='bbox 520 1267 765 1330; x_wconf 72' lang='lat' dir='ltr'><strong>habent</strong></span> <span class='ocrx_word' id='word_1_62' title='bbox 808 1267 983 1330; x_wconf 87' lang='lat' dir='ltr'><strong>bona</strong></span> <span class='ocrx_word' id='word_1_63' title='bbox 1018 1269 1427 1345; x_wconf 77' lang='lat' dir='ltr'><strong>episcopatus</strong></span> <span class='ocrx_word' id='word_1_64' title='bbox 1468 1266 1550 1327; x_wconf 88' lang='lat' dir='ltr'><strong>de</strong></span> <span class='ocrx_word' id='word_1_65' title='bbox 1592 1266 1934 1344; x_wconf 75' lang='lat' dir='ltr'><strong>Aquaviva</strong></span> <span class='ocrx_word' id='word_1_66' title='bbox 1975 1271 2042 1326; x_wconf 61' lang='lat' dir='ltr'><strong>et,</strong></span> <span class='ocrx_word' id='word_1_67' title='bbox 2085 1264 2235 1326; x_wconf 85' lang='lat' dir='ltr'><strong>villa</strong></span> <span class='ocrx_word' id='word_1_68' title='bbox 2275 1286 2325 1326; x_wconf 87' lang='lat' dir='ltr'><strong>s.</strong></span> <span class='ocrx_word' id='word_1_69' title='bbox 2373 1265 2701 1339; x_wconf 81' lang='lat' dir='ltr'><strong>Dalmatii,</strong></span> 
     </span>
     <span class='ocr_line' id='line_1_9' title="bbox 240 1363 2704 1443; baseline 0 -19"><span class='ocrx_word' id='word_1_70' title='bbox 240 1373 427 1429; x_wconf 70' lang='lat' dir='ltr'><strong>carta</strong></span> <span class='ocrx_word' id='word_1_71' title='bbox 448 1367 864 1436; x_wconf 76' lang='lat' dir='ltr'><strong>Gualterooti‚</strong></span> <span class='ocrx_word' id='word_1_72' title='bbox 896 1363 1493 1436; x_wconf 84' lang='lat' dir='ltr'>MCCXXXVHII,</span> <span class='ocrx_word' id='word_1_73' title='bbox 1514 1365 1643 1426; x_wconf 86' lang='lat' dir='ltr'><strong>ind.</strong></span> <span class='ocrx_word' id='word_1_74' title='bbox 1670 1363 1827 1436; x_wconf 88' lang='lat' dir='ltr'>XII,</span> <span class='ocrx_word' id='word_1_75' title='bbox 1850 1363 1945 1424; x_wconf 93' lang='lat' dir='ltr'><strong>VI</strong></span> <span class='ocrx_word' id='word_1_76' title='bbox 1968 1363 2090 1424; x_wconf 84' lang='lat' dir='ltr'><strong>kal.</strong></span> <span class='ocrx_word' id='word_1_77' title='bbox 2115 1369 2279 1440; x_wconf 73' lang='lat' dir='ltr'><strong>sept.</strong></span> <span class='ocrx_word' id='word_1_78' title='bbox 2301 1369 2344 1434; x_wconf 82' lang='lat'><strong>¹)</strong></span> <span class='ocrx_word' id='word_1_79' title='bbox 2366 1385 2381 1437; x_wconf 90' lang='grc'><strong>;</strong></span> <span class='ocrx_word' id='word_1_80' title='bbox 2407 1363 2704 1443; x_wconf 84' lang='lat' dir='ltr'><strong>Paganus</strong></span> 
     </span>
     <span class='ocr_line' id='line_1_10' title="bbox 238 1459 2700 1542; baseline -0.001 -18"><span class='ocrx_word' id='word_1_81' title='bbox 238 1463 473 1526; x_wconf 76' lang='lat' dir='ltr'><strong>debuit</strong></span> <span class='ocrx_word' id='word_1_82' title='bbox 516 1465 789 1525; x_wconf 84' lang='lat' dir='ltr'><strong>Ballioni</strong></span> <span class='ocrx_word' id='word_1_83' title='bbox 832 1464 939 1542; x_wconf 90' lang='lat' dir='ltr'><strong>qd.</strong></span> <span class='ocrx_word' id='word_1_84' title='bbox 985 1461 1317 1523; x_wconf 83' lang='lat' dir='ltr'><strong>Orlandini</strong></span> <span class='ocrx_word' id='word_1_85' title='bbox 1358 1463 1441 1523; x_wconf 74' lang='lat' dir='ltr'><strong>de</strong></span> <span class='ocrx_word' id='word_1_86' title='bbox 1482 1461 1763 1522; x_wconf 87' lang='lat' dir='ltr'><strong>Cluslino</strong></span> <span class='ocrx_word' id='word_1_87' title='bbox 1804 1459 2026 1523; x_wconf 89' lang='lat' dir='ltr'>CCXL</span> <span class='ocrx_word' id='word_1_88' title='bbox 2069 1461 2176 1522; x_wconf 90' lang='lat' dir='ltr'><strong>lib.</strong></span> <span class='ocrx_word' id='word_1_89' title='bbox 2221 1462 2362 1522; x_wconf 83' lang='lat' dir='ltr'><strong>den.</strong></span> <span class='ocrx_word' id='word_1_90' title='bbox 2396 1481 2546 1522; x_wconf 81' lang='lat' dir='ltr'><strong>nov.</strong></span> <span class='ocrx_word' id='word_1_91' title='bbox 2579 1461 2700 1522; x_wconf 90' lang='lat' dir='ltr'><strong>Pis.</strong></span> 
     </span>
     <span class='ocr_line' id='line_1_11' title="bbox 241 1559 2704 1640; baseline -0.002 -16"><span class='ocrx_word' id='word_1_92' title='bbox 241 1564 327 1624; x_wconf 85' lang='lat' dir='ltr'><strong>ad</strong></span> <span class='ocrx_word' id='word_1_93' title='bbox 366 1562 521 1624; x_wconf 74' lang='lat' dir='ltr'><strong>fest.</strong></span> <span class='ocrx_word' id='word_1_94' title='bbox 565 1581 615 1621; x_wconf 78' lang='lat' dir='ltr'><strong>s,</strong></span> <span class='ocrx_word' id='word_1_95' title='bbox 660 1561 857 1622; x_wconf 84' lang='lat' dir='ltr'><strong>Marie</strong></span> <span class='ocrx_word' id='word_1_96' title='bbox 900 1561 980 1621; x_wconf 89' lang='lat' dir='ltr'><strong>de</strong></span> <span class='ocrx_word' id='word_1_97' title='bbox 1022 1568 1273 1640; x_wconf 78' lang='lat' dir='ltr'><strong>agustO,</strong></span> <span class='ocrx_word' id='word_1_98' title='bbox 1316 1581 1478 1638; x_wconf 86' lang='lat' dir='ltr'><strong>quos</strong></span> <span class='ocrx_word' id='word_1_99' title='bbox 1518 1563 1587 1622; x_wconf 89' lang='lat' dir='ltr'><strong>in</strong></span> <span class='ocrx_word' id='word_1_100' title='bbox 1628 1559 2084 1620; x_wconf 75' lang='lat' dir='ltr'><strong>Lombardiam</strong></span> <span class='ocrx_word' id='word_1_101' title='bbox 2131 1561 2197 1619; x_wconf 92' lang='lat' dir='ltr'><strong>in</strong></span> <span class='ocrx_word' id='word_1_102' title='bbox 2225 1561 2559 1620; x_wconf 76' lang='lat' dir='ltr'><strong>servitium</strong></span> <span class='ocrx_word' id='word_1_103' title='bbox 2587 1561 2704 1620; x_wconf 88' lang='lat' dir='ltr'><strong>im-</strong></span> 
     </span>
     <span class='ocr_line' id='line_1_12' title="bbox 238 1657 2702 1738; baseline -0.001 -18"><span class='ocrx_word' id='word_1_104' title='bbox 238 1661 561 1738; x_wconf 73' lang='lat' dir='ltr'><strong>peratoris</strong></span> <span class='ocrx_word' id='word_1_105' title='bbox 601 1659 879 1736; x_wconf 73' lang='lat' dir='ltr'><strong>spondit,</strong></span> <span class='ocrx_word' id='word_1_106' title='bbox 924 1679 1040 1737; x_wconf 87' lang='lat' dir='ltr'><strong>pro</strong></span> <span class='ocrx_word' id='word_1_107' title='bbox 1082 1658 1315 1737; x_wconf 83' lang='lat' dir='ltr'><strong>quibus</strong></span> <span class='ocrx_word' id='word_1_108' title='bbox 1358 1661 1590 1738; x_wconf 85' lang='lat' dir='ltr'><strong>pignus</strong></span> <span class='ocrx_word' id='word_1_109' title='bbox 1636 1657 1830 1718; x_wconf 72' lang='lat' dir='ltr'><strong>habet</strong></span> <span class='ocrx_word' id='word_1_110' title='bbox 1885 1658 2180 1719; x_wconf 82' lang='lat' dir='ltr'><strong>reddit-us</strong></span> <span class='ocrx_word' id='word_1_111' title='bbox 2235 1658 2316 1719; x_wconf 88' lang='lat' dir='ltr'><strong>de</strong></span> <span class='ocrx_word' id='word_1_112' title='bbox 2371 1661 2702 1737; x_wconf 77' lang='lat' dir='ltr'><strong>Ripamar-</strong></span> 
     </span>
     <span class='ocr_line' id='line_1_13' title="bbox 240 1755 2706 1828; baseline -0.001 -10"><span class='ocrx_word' id='word_1_113' title='bbox 240 1761 484 1820; x_wconf 79' lang='lat' dir='ltr'><strong>rancia.</strong></span> <span class='ocrx_word' id='word_1_114' title='bbox 528 1763 711 1817; x_wconf 80' lang='lat' dir='ltr'><strong>carta</strong></span> <span class='ocrx_word' id='word_1_115' title='bbox 753 1757 1073 1818; x_wconf 87' lang='lat' dir='ltr'><strong>Bonfilioli</strong></span> <span class='ocrx_word' id='word_1_116' title='bbox 1118 1757 1473 1817; x_wconf 79' lang='lat' dir='ltr'><strong>Trinchetti</strong></span> <span class='ocrx_word' id='word_1_117' title='bbox 1516 1764 1675 1826; x_wconf 70' lang='lat' dir='ltr'><strong>not„</strong></span> <span class='ocrx_word' id='word_1_118' title='bbox 1722 1756 2186 1828; x_wconf 89' lang='lat' dir='ltr'>MCCXXXII,</span> <span class='ocrx_word' id='word_1_119' title='bbox 2237 1758 2363 1817; x_wconf 89' lang='lat' dir='ltr'><strong>ind.</strong></span> <span class='ocrx_word' id='word_1_120' title='bbox 2413 1758 2464 1816; x_wconf 89' lang='lat' dir='ltr'>V</span> <span class='ocrx_word' id='word_1_121' title='bbox 2473 1757 2524 1824; x_wconf 91' lang='grc' dir='ltr'><strong>Ι,</strong></span> <span class='ocrx_word' id='word_1_122' title='bbox 2581 1755 2706 1816; x_wconf 87' lang='lat' dir='ltr'><strong>XV</strong></span> 
     </span>
     <span class='ocr_line' id='line_1_14' title="bbox 240 1852 2707 1934; baseline 0 -18"><span class='ocrx_word' id='word_1_123' title='bbox 240 1857 369 1916; x_wconf 83' lang='lat' dir='ltr'><strong>kal.</strong></span> <span class='ocrx_word' id='word_1_124' title='bbox 419 1861 605 1916; x_wconf 79' lang='lat' dir='ltr'><strong>mart.</strong></span> <span class='ocrx_word' id='word_1_125' title='bbox 628 1859 708 1932; x_wconf 54' lang='grc' dir='ltr'><strong>ι”);</strong></span> <span class='ocrx_word' id='word_1_126' title='bbox 753 1857 865 1934; x_wconf 90' lang='lat' dir='ltr'><strong>qui</strong></span> <span class='ocrx_word' id='word_1_127' title='bbox 910 1855 1197 1926; x_wconf 83' lang='lat' dir='ltr'><strong>Ballione</strong></span> <span class='ocrx_word' id='word_1_128' title='bbox 1240 1855 1379 1914; x_wconf 87' lang='lat' dir='ltr'><strong>iura</strong></span> <span class='ocrx_word' id='word_1_129' title='bbox 1420 1855 1487 1914; x_wconf 89' lang='lat' dir='ltr'><strong>in</strong></span> <span class='ocrx_word' id='word_1_130' title='bbox 1528 1856 1617 1915; x_wconf 88' lang='lat' dir='ltr'><strong>eis</strong></span> <span class='ocrx_word' id='word_1_131' title='bbox 1647 1852 1873 1915; x_wconf 85' lang='lat' dir='ltr'><strong>eadem</strong></span> <span class='ocrx_word' id='word_1_132' title='bbox 1902 1853 2008 1914; x_wconf 86' lang='lat' dir='ltr'><strong>die</strong></span> <span class='ocrx_word' id='word_1_133' title='bbox 2036 1855 2218 1915; x_wconf 78' lang='lat' dir='ltr'><strong>dedit</strong></span> <span class='ocrx_word' id='word_1_134' title='bbox 2252 1855 2707 1916; x_wconf 77' lang='lat' dir='ltr'><strong>Ildebrandino</strong></span> 
     </span>
     <span class='ocr_line' id='line_1_15' title="bbox 242 1952 843 2027; baseline 0 -17"><span class='ocrx_word' id='word_1_135' title='bbox 242 1959 309 2014; x_wconf 71' lang='lat' dir='ltr'><strong>et</strong></span> <span class='ocrx_word' id='word_1_136' title='bbox 352 1952 751 2014; x_wconf 78' lang='lat' dir='ltr'><strong>Montanello</strong></span> <span class='ocrx_word' id='word_1_137' title='bbox 776 1956 843 2027; x_wconf 85' lang='lat'><strong>⁸).</strong></span> 
     </span>
    </p>

    <p class='ocr_par' dir='ltr' id='par_1_4' title="bbox 242 2047 2729 2226">
     <span class='ocr_line' id='line_1_16' title="bbox 364 2047 2729 2128; baseline -0.001 -15"><span class='ocrx_word' id='word_1_138' title='bbox 364 2047 708 2120; x_wconf 84' lang='lat' dir='ltr'>MCCLVL</span> <span class='ocrx_word' id='word_1_139' title='bbox 737 2050 865 2110; x_wconf 89' lang='lat' dir='ltr'><strong>ind.</strong></span> <span class='ocrx_word' id='word_1_140' title='bbox 900 2049 1044 2113; x_wconf 80' lang='lat' dir='ltr'><strong>XV.</strong></span> <span class='ocrx_word' id='word_1_141' title='bbox 1077 2050 1134 2108; x_wconf 88' lang='lat' dir='ltr'>V</span> <span class='ocrx_word' id='word_1_142' title='bbox 1164 2069 1313 2110; x_wconf 88' lang='lat' dir='ltr'><strong>non.</strong></span> <span class='ocrx_word' id='word_1_143' title='bbox 1344 2054 1533 2109; x_wconf 70' lang='lat' dir='ltr'><strong>mart.</strong></span> <span class='ocrx_word' id='word_1_144' title='bbox 1606 2050 1830 2112; x_wconf 72' lang='lat' dir='ltr'><strong>Coram</strong></span> <span class='ocrx_word' id='word_1_145' title='bbox 1864 2049 2131 2109; x_wconf 79' lang='lat' dir='ltr'><strong>Alberto</strong></span> <span class='ocrx_word' id='word_1_146' title='bbox 2151 2050 2430 2128; x_wconf 77' lang='lat' dir='ltr'>plebano</span> <span class='ocrx_word' id='word_1_147' title='bbox 2449 2051 2530 2110; x_wconf 89' lang='lat' dir='ltr'><strong>de</strong></span> <span class='ocrx_word' id='word_1_148' title='bbox 2555 2051 2729 2113; x_wconf 66' lang='lat' dir='ltr'><strong>Gor·-</strong></span> 
     </span>
     <span class='ocr_line' id='line_1_17' title="bbox 242 2145 2701 2226; baseline 0.001 -20"><span class='ocrx_word' id='word_1_149' title='bbox 242 2147 421 2208; x_wconf 84' lang='lat' dir='ltr'><strong>falco</strong></span> <span class='ocrx_word' id='word_1_150' title='bbox 442 2153 509 2206; x_wconf 79' lang='lat' dir='ltr'><strong>et</strong></span> <span class='ocrx_word' id='word_1_151' title='bbox 531 2145 875 2226; x_wconf 76' lang='lat' dir='ltr'><strong>Pegolocto</strong></span> <span class='ocrx_word' id='word_1_152' title='bbox 903 2148 983 2207; x_wconf 90' lang='lat' dir='ltr'><strong>dc</strong></span> <span class='ocrx_word' id='word_1_153' title='bbox 1012 2147 1465 2226; x_wconf 71' lang='lat' dir='ltr'><strong>Montemagno</strong></span> <span class='ocrx_word' id='word_1_154' title='bbox 1493 2153 1574 2208; x_wconf 72' lang='lat' dir='ltr'><strong>tt.</strong></span> <span class='ocrx_word' id='word_1_155' title='bbox 1660 2146 1880 2206; x_wconf 75' lang='lat' dir='ltr'><strong>Testes</strong></span> <span class='ocrx_word' id='word_1_156' title='bbox 1901 2149 2140 2225; x_wconf 71' lang='lat' dir='ltr'><strong>recepti</strong></span> <span class='ocrx_word' id='word_1_157' title='bbox 2161 2155 2316 2209; x_wconf 81' lang='lat' dir='ltr'><strong>sunt</strong></span> <span class='ocrx_word' id='word_1_158' title='bbox 2336 2147 2420 2207; x_wconf 83' lang='lat' dir='ltr'><strong>ab</strong></span> <span class='ocrx_word' id='word_1_159' title='bbox 2443 2147 2701 2210; x_wconf 81' lang='lat' dir='ltr'>abbate.</span> 
     </span>
    </p>

    <p class='ocr_par' dir='ltr' id='par_1_5' title="bbox 237 2243 2708 3477">
     <span class='ocr_line' id='line_1_18' title="bbox 368 2243 2705 2323; baseline 0.002 -20"><span class='ocrx_word' id='word_1_160' title='bbox 368 2245 747 2305; x_wconf 76' lang='lat' dir='ltr'><strong>Herveus</strong></span> <span class='ocrx_word' id='word_1_161' title='bbox 786 2263 927 2304; x_wconf 84' lang='lat' dir='ltr'><strong>can.</strong></span> <span class='ocrx_word' id='word_1_162' title='bbox 972 2245 1345 2304; x_wconf 77' lang='lat' dir='ltr'><strong>venetensis</strong></span> <span class='ocrx_word' id='word_1_163' title='bbox 1387 2243 1799 2322; x_wconf 69' lang='lat' dir='ltr'><strong>cappellanus</strong></span> <span class='ocrx_word' id='word_1_164' title='bbox 1841 2245 2022 2304; x_wconf 63' lang='lat' dir='ltr'><strong>electi</strong></span> <span class='ocrx_word' id='word_1_165' title='bbox 2076 2246 2268 2315; x_wconf 81' lang='lat' dir='ltr'><strong>iurat,</strong></span> <span class='ocrx_word' id='word_1_166' title='bbox 2313 2244 2487 2323; x_wconf 90' lang='lat' dir='ltr'><strong>quod</strong></span> <span class='ocrx_word' id='word_1_167' title='bbox 2528 2246 2705 2323; x_wconf 82' lang='lat' dir='ltr'><strong>apud</strong></span> 
     </span>
     <span class='ocr_line' id='line_1_19' title="bbox 242 2341 2704 2420; baseline 0 -19"><span class='ocrx_word' id='word_1_168' title='bbox 242 2343 301 2401; x_wconf 79' lang='lat' dir='ltr'><strong>S.</strong></span> <span class='ocrx_word' id='word_1_169' title='bbox 336 2341 795 2404; x_wconf 82' lang='lat' dir='ltr'><strong>Geminianum</strong></span> <span class='ocrx_word' id='word_1_170' title='bbox 826 2341 1139 2409; x_wconf 80' lang='lat' dir='ltr'><strong>interfuit,</strong></span> <span class='ocrx_word' id='word_1_171' title='bbox 1170 2343 1431 2420; x_wconf 80' lang='lat' dir='ltr'><strong>quando</strong></span> <span class='ocrx_word' id='word_1_172' title='bbox 1458 2347 1859 2402; x_wconf 72' lang='lat' dir='ltr'><strong>contractum</strong></span> <span class='ocrx_word' id='word_1_173' title='bbox 1906 2342 2026 2400; x_wconf 87' lang='lat' dir='ltr'><strong>fuit</strong></span> <span class='ocrx_word' id='word_1_174' title='bbox 2059 2341 2352 2403; x_wconf 81' lang='lat' dir='ltr'><strong>debitum</strong></span> <span class='ocrx_word' id='word_1_175' title='bbox 2385 2363 2530 2404; x_wconf 89' lang='lat' dir='ltr'><strong>cum</strong></span> <span class='ocrx_word' id='word_1_176' title='bbox 2563 2343 2704 2404; x_wconf 83' lang='lat' dir='ltr'><strong>Pal·</strong></span> 
     </span>
     <span class='ocr_line' id='line_1_20' title="bbox 242 2437 2704 2527; baseline 0.002 -31"><span class='ocrx_word' id='word_1_177' title='bbox 242 2446 425 2510; x_wconf 84' lang='lat' dir='ltr'><strong>tone‚</strong></span> <span class='ocrx_word' id='word_1_178' title='bbox 470 2439 647 2517; x_wconf 88' lang='lat' dir='ltr'><strong>quod</strong></span> <span class='ocrx_word' id='word_1_179' title='bbox 686 2437 813 2500; x_wconf 80' lang='lat' dir='ltr'><strong>fuit</strong></span> <span class='ocrx_word' id='word_1_180' title='bbox 856 2439 1017 2500; x_wconf 89' lang='lat' dir='ltr'><strong>DCC</strong></span> <span class='ocrx_word' id='word_1_181' title='bbox 1058 2439 1163 2527; x_wconf 55' lang='lat' dir='ltr'><strong>lib.</strong></span> <span class='ocrx_word' id='word_1_182' title='bbox 1208 2437 1601 2516; x_wconf 74' lang='lat' dir='ltr'><strong>computatis</strong></span> <span class='ocrx_word' id='word_1_183' title='bbox 1640 2441 1867 2510; x_wconf 77' lang='lat' dir='ltr'><strong>usuris;</strong></span> <span class='ocrx_word' id='word_1_184' title='bbox 1915 2439 1996 2500; x_wconf 90' lang='lat' dir='ltr'><strong>H.</strong></span> <span class='ocrx_word' id='word_1_185' title='bbox 2047 2439 2278 2500; x_wconf 78' lang='lat' dir='ltr'><strong>hebuit·</strong></span> <span class='ocrx_word' id='word_1_186' title='bbox 2317 2461 2512 2519; x_wconf 86' lang='lat' dir='ltr'><strong>penes</strong></span> <span class='ocrx_word' id='word_1_187' title='bbox 2543 2443 2704 2502; x_wconf 86' lang='lat' dir='ltr'><strong>sein</strong></span> 
     </span>
     <span class='ocr_line' id='line_1_21' title="bbox 240 2537 2708 2616; baseline 0.001 -18"><span class='ocrx_word' id='word_1_188' title='bbox 240 2537 521 2616; x_wconf 80' lang='lat' dir='ltr'><strong>guardia</strong></span> <span class='ocrx_word' id='word_1_189' title='bbox 562 2538 732 2598; x_wconf 88' lang='lat' dir='ltr'><strong>circa</strong></span> <span class='ocrx_word' id='word_1_190' title='bbox 771 2537 881 2598; x_wconf 90' lang='lat' dir='ltr'><strong>DC</strong></span> <span class='ocrx_word' id='word_1_191' title='bbox 923 2543 989 2596; x_wconf 76' lang='lat' dir='ltr'><strong>et</strong></span> <span class='ocrx_word' id='word_1_192' title='bbox 1019 2537 1185 2598; x_wconf 77' lang='lat' dir='ltr'><strong>vidit</strong></span> <span class='ocrx_word' id='word_1_193' title='bbox 1213 2556 1329 2614; x_wconf 90' lang='lat' dir='ltr'><strong>pro</strong></span> <span class='ocrx_word' id='word_1_194' title='bbox 1356 2537 1575 2597; x_wconf 79' lang='lat' dir='ltr'><strong>debito</strong></span> <span class='ocrx_word' id='word_1_195' title='bbox 1618 2537 1889 2597; x_wconf 79' lang='lat' dir='ltr'><strong>electum</strong></span> <span class='ocrx_word' id='word_1_196' title='bbox 1933 2538 2088 2599; x_wconf 83' lang='lat' dir='ltr'><strong>dare</strong></span> <span class='ocrx_word' id='word_1_197' title='bbox 2129 2538 2546 2600; x_wconf 80' lang='lat' dir='ltr'><strong>fideiussores,</strong></span> <span class='ocrx_word' id='word_1_198' title='bbox 2585 2539 2708 2600; x_wconf 76' lang='lat' dir='ltr'><strong>Isti</strong></span> 
     </span>
     <span class='ocr_line' id='line_1_22' title="bbox 238 2634 2706 2715; baseline 0 -21"><span class='ocrx_word' id='word_1_199' title='bbox 238 2635 395 2694; x_wconf 88' lang='lat' dir='ltr'><strong>den.</strong></span> <span class='ocrx_word' id='word_1_200' title='bbox 426 2639 496 2694; x_wconf 79' lang='lat' dir='ltr'><strong>et</strong></span> <span class='ocrx_word' id='word_1_201' title='bbox 516 2653 713 2712; x_wconf 85' lang='lat' dir='ltr'><strong>quam</strong></span> <span class='ocrx_word' id='word_1_202' title='bbox 733 2635 947 2712; x_wconf 87' lang='lat' dir='ltr'><strong>plures</strong></span> <span class='ocrx_word' id='word_1_203' title='bbox 968 2635 1075 2696; x_wconf 86' lang='lat' dir='ltr'><strong>alii</strong></span> <span class='ocrx_word' id='word_1_204' title='bbox 1096 2636 1350 2714; x_wconf 79' lang='lat' dir='ltr'><strong>expensi</strong></span> <span class='ocrx_word' id='word_1_205' title='bbox 1382 2634 1643 2695; x_wconf 80' lang='lat' dir='ltr'><strong>fuerunt.</strong></span> <span class='ocrx_word' id='word_1_206' title='bbox 1670 2637 1735 2694; x_wconf 88' lang='lat' dir='ltr'><strong>in</strong></span> <span class='ocrx_word' id='word_1_207' title='bbox 1764 2637 2066 2706; x_wconf 69' lang='lat' dir='ltr'><strong>exercitu,</strong></span> <span class='ocrx_word' id='word_1_208' title='bbox 2095 2655 2286 2715; x_wconf 70' lang='lat' dir='ltr'><strong>quem</strong></span> <span class='ocrx_word' id='word_1_209' title='bbox 2312 2637 2445 2715; x_wconf 89' lang='lat' dir='ltr'><strong>ipse</strong></span> <span class='ocrx_word' id='word_1_210' title='bbox 2468 2637 2706 2697; x_wconf 85' lang='lat' dir='ltr'><strong>clectus</strong></span> 
     </span>
     <span class='ocr_line' id='line_1_23' title="bbox 238 2730 2706 2809; baseline 0.001 -19"><span class='ocrx_word' id='word_1_211' title='bbox 238 2731 403 2792; x_wconf 54' lang='lat' dir='ltr'><strong>fecit,</strong></span> <span class='ocrx_word' id='word_1_212' title='bbox 434 2730 609 2807; x_wconf 85' lang='lat' dir='ltr'><strong>apud</strong></span> <span class='ocrx_word' id='word_1_213' title='bbox 636 2730 1073 2792; x_wconf 87' lang='lat' dir='ltr'><strong>Puliccianum</strong></span> <span class='ocrx_word' id='word_1_214' title='bbox 1104 2739 1329 2792; x_wconf 81' lang='lat' dir='ltr'><strong>contra</strong></span> <span class='ocrx_word' id='word_1_215' title='bbox 1356 2730 1510 2791; x_wconf 86' lang='lat' dir='ltr'><strong>Neri</strong></span> <span class='ocrx_word' id='word_1_216' title='bbox 1537 2731 1928 2792; x_wconf 81' lang='lat' dir='ltr'><strong>Piccolinnm</strong></span> <span class='ocrx_word' id='word_1_217' title='bbox 1960 2751 2075 2809; x_wconf 81' lang='lat' dir='ltr'><strong>pro</strong></span> <span class='ocrx_word' id='word_1_218' title='bbox 2097 2733 2467 2794; x_wconf 81' lang='lat' dir='ltr'><strong>rehabendo</strong></span> <span class='ocrx_word' id='word_1_219' title='bbox 2494 2739 2706 2794; x_wconf 71' lang='lat' dir='ltr'><strong>castro</strong></span> 
     </span>
     <span class='ocr_line' id='line_1_24' title="bbox 238 2815 2708 2908; baseline 0 -18"><span class='ocrx_word' id='word_1_220' title='bbox 238 2829 425 2908; x_wconf 91' lang='lat' dir='ltr'><strong>quod</strong></span> <span class='ocrx_word' id='word_1_221' title='bbox 480 2835 867 2907; x_wconf 82' lang='lat' dir='ltr'><strong>occupatum</strong></span> <span class='ocrx_word' id='word_1_222' title='bbox 923 2829 1273 2890; x_wconf 81' lang='lat' dir='ltr'><strong>detinebat.</strong></span> <span class='ocrx_word' id='word_1_223' title='bbox 1334 2829 1527 2889; x_wconf 88' lang='lat' dir='ltr'><strong>Aliud</strong></span> <span class='ocrx_word' id='word_1_224' title='bbox 1581 2815 1869 2889; x_wconf 78' lang='lat' dir='ltr'><strong>debitum</strong></span> <span class='ocrx_word' id='word_1_225' title='bbox 1929 2829 2164 2891; x_wconf 90' lang='lat' dir='ltr'>MCCX</span> <span class='ocrx_word' id='word_1_226' title='bbox 2221 2829 2330 2889; x_wconf 89' lang='lat' dir='ltr'><strong>lib.</strong></span> <span class='ocrx_word' id='word_1_227' title='bbox 2381 2833 2708 2892; x_wconf 74' lang='lat' dir='ltr'><strong>contraxit</strong></span> 
     </span>
     <span class='ocr_line' id='line_1_25' title="bbox 240 2927 2703 3008; baseline 0.001 -22"><span class='ocrx_word' id='word_1_228' title='bbox 240 2947 397 2986; x_wconf 89' lang='lat' dir='ltr'><strong>cum</strong></span> <span class='ocrx_word' id='word_1_229' title='bbox 440 2927 893 3006; x_wconf 84' lang='lat' dir='ltr'><strong>Bentivengna</strong></span> <span class='ocrx_word' id='word_1_230' title='bbox 933 2927 1193 3008; x_wconf 82' lang='lat' dir='ltr'><strong>Ugolini</strong></span> <span class='ocrx_word' id='word_1_231' title='bbox 1236 2927 1530 2988; x_wconf 83' lang='lat' dir='ltr'><strong>Davanzi</strong></span> <span class='ocrx_word' id='word_1_232' title='bbox 1570 2927 1649 2987; x_wconf 90' lang='lat' dir='ltr'><strong>de</strong></span> <span class='ocrx_word' id='word_1_233' title='bbox 1692 2927 1858 2987; x_wconf 89' lang='lat' dir='ltr'><strong>Flor.</strong></span> <span class='ocrx_word' id='word_1_234' title='bbox 1886 2931 1934 3004; x_wconf 88' lang='lat'><strong>⁴)</strong></span> <span class='ocrx_word' id='word_1_235' title='bbox 1965 2947 2080 3006; x_wconf 88' lang='lat' dir='ltr'><strong>pro</strong></span> <span class='ocrx_word' id='word_1_236' title='bbox 2107 2927 2530 3006; x_wconf 72' lang='lat' dir='ltr'><strong>recolligendo</strong></span> <span class='ocrx_word' id='word_1_237' title='bbox 2558 2947 2703 3006; x_wconf 84' lang='lat' dir='ltr'><strong>eap-</strong></span> 
     </span>
     <span class='ocr_line' id='line_1_26' title="bbox 237 3021 2703 3102; baseline 0.002 -20"><span class='ocrx_word' id='word_1_238' title='bbox 237 3021 484 3102; x_wconf 84' lang='lat' dir='ltr'><strong>pellam</strong></span> <span class='ocrx_word' id='word_1_239' title='bbox 526 3023 951 3101; x_wconf 80' lang='lat' dir='ltr'><strong>episcopalem</strong></span> <span class='ocrx_word' id='word_1_240' title='bbox 996 3030 1063 3083; x_wconf 75' lang='lat' dir='ltr'><strong>et</strong></span> <span class='ocrx_word' id='word_1_241' title='bbox 1106 3025 1529 3102; x_wconf 78' lang='lat' dir='ltr'><strong>possessiones</strong></span> <span class='ocrx_word' id='word_1_242' title='bbox 1570 3022 1651 3082; x_wconf 84' lang='lat' dir='ltr'><strong>de</strong></span> <span class='ocrx_word' id='word_1_243' title='bbox 1692 3023 1890 3092; x_wconf 72' lang='lat' dir='ltr'><strong>Vult..</strong></span> <span class='ocrx_word' id='word_1_244' title='bbox 1935 3043 2097 3101; x_wconf 79' lang='lat' dir='ltr'><strong>quas</strong></span> <span class='ocrx_word' id='word_1_245' title='bbox 2125 3025 2384 3102; x_wconf 84' lang='lat' dir='ltr'><strong>quidam</strong></span> <span class='ocrx_word' id='word_1_246' title='bbox 2417 3025 2500 3087; x_wconf 85' lang='lat' dir='ltr'><strong>de</strong></span> <span class='ocrx_word' id='word_1_247' title='bbox 2526 3025 2703 3086; x_wconf 72' lang='lat' dir='ltr'><strong>Vult.</strong></span> 
     </span>
     <span class='ocr_line' id='line_1_27' title="bbox 240 3119 2705 3200; baseline 0.001 -18"><span class='ocrx_word' id='word_1_248' title='bbox 240 3119 634 3182; x_wconf 76' lang='lat' dir='ltr'><strong>detinebant·</strong></span> <span class='ocrx_word' id='word_1_249' title='bbox 662 3121 729 3180; x_wconf 87' lang='lat' dir='ltr'><strong>in</strong></span> <span class='ocrx_word' id='word_1_250' title='bbox 756 3121 987 3200; x_wconf 83' lang='lat' dir='ltr'><strong>pignus</strong></span> <span class='ocrx_word' id='word_1_251' title='bbox 1030 3140 1145 3199; x_wconf 91' lang='lat' dir='ltr'><strong>pro</strong></span> <span class='ocrx_word' id='word_1_252' title='bbox 1191 3122 1437 3200; x_wconf 86' lang='lat' dir='ltr'><strong>magnis</strong></span> <span class='ocrx_word' id='word_1_253' title='bbox 1478 3123 1745 3198; x_wconf 85' lang='lat' dir='ltr'><strong>pecunie</strong></span> <span class='ocrx_word' id='word_1_254' title='bbox 1786 3122 2284 3199; x_wconf 71' lang='lat' dir='ltr'><strong>quantitatibus,</strong></span> <span class='ocrx_word' id='word_1_255' title='bbox 2337 3142 2498 3200; x_wconf 86' lang='lat' dir='ltr'><strong>quas</strong></span> <span class='ocrx_word' id='word_1_256' title='bbox 2541 3123 2705 3184; x_wconf 85' lang='lat' dir='ltr'><strong>dice·</strong></span> 
     </span>
     <span class='ocr_line' id='line_1_28' title="bbox 240 3217 2704 3298; baseline 0.001 -20"><span class='ocrx_word' id='word_1_257' title='bbox 240 3219 411 3278; x_wconf 72' lang='lat' dir='ltr'><strong>bant</strong></span> <span class='ocrx_word' id='word_1_258' title='bbox 455 3237 525 3277; x_wconf 90' lang='lat' dir='ltr'><strong>se</strong></span> <span class='ocrx_word' id='word_1_259' title='bbox 566 3217 795 3278; x_wconf 87' lang='lat' dir='ltr'><strong>debere</strong></span> <span class='ocrx_word' id='word_1_260' title='bbox 836 3220 1114 3297; x_wconf 87' lang='lat' dir='ltr'><strong>recipere</strong></span> <span class='ocrx_word' id='word_1_261' title='bbox 1158 3239 1235 3280; x_wconf 86' lang='lat' dir='ltr'><strong>ex</strong></span> <span class='ocrx_word' id='word_1_262' title='bbox 1278 3217 1498 3279; x_wconf 85' lang='lat' dir='ltr'><strong>debito</strong></span> <span class='ocrx_word' id='word_1_263' title='bbox 1540 3225 1873 3279; x_wconf 76' lang='lat' dir='ltr'><strong>contracto</strong></span> <span class='ocrx_word' id='word_1_264' title='bbox 1935 3241 1976 3280; x_wconf 91' lang='lat' dir='ltr'><strong>a</strong></span> <span class='ocrx_word' id='word_1_265' title='bbox 2015 3219 2276 3298; x_wconf 79' lang='lat' dir='ltr'><strong>Pagano</strong></span> <span class='ocrx_word' id='word_1_266' title='bbox 2330 3221 2484 3280; x_wconf 89' lang='lat' dir='ltr'><strong>olim</strong></span> <span class='ocrx_word' id='word_1_267' title='bbox 2525 3221 2704 3282; x_wconf 72' lang='lat' dir='ltr'><strong>Vult.</strong></span> 
     </span>
     <span class='ocr_line' id='line_1_29' title="bbox 239 3315 2706 3398; baseline 0.001 -20"><span class='ocrx_word' id='word_1_268' title='bbox 239 3337 372 3394; x_wconf 68' lang='lat' dir='ltr'><strong>ep„</strong></span> <span class='ocrx_word' id='word_1_269' title='bbox 418 3315 501 3374; x_wconf 87' lang='lat' dir='ltr'><strong>de</strong></span> <span class='ocrx_word' id='word_1_270' title='bbox 543 3315 775 3394; x_wconf 88' lang='lat' dir='ltr'><strong>quibus</strong></span> <span class='ocrx_word' id='word_1_271' title='bbox 817 3317 1239 3378; x_wconf 75' lang='lat' dir='ltr'><strong>restituerunt</strong></span> <span class='ocrx_word' id='word_1_272' title='bbox 1282 3319 1707 3378; x_wconf 77' lang='lat' dir='ltr'><strong>instrumenta</strong></span> <span class='ocrx_word' id='word_1_273' title='bbox 1750 3317 1971 3391; x_wconf 75' lang='lat' dir='ltr'><strong>electo,</strong></span> <span class='ocrx_word' id='word_1_274' title='bbox 2016 3323 2080 3377; x_wconf 84' lang='lat' dir='ltr'><strong>et</strong></span> <span class='ocrx_word' id='word_1_275' title='bbox 2123 3319 2414 3397; x_wconf 84' lang='lat' dir='ltr'><strong>cappella</strong></span> <span class='ocrx_word' id='word_1_276' title='bbox 2455 3325 2524 3380; x_wconf 74' lang='lat' dir='ltr'><strong>et</strong></span> <span class='ocrx_word' id='word_1_277' title='bbox 2565 3337 2706 3398; x_wconf 85' lang='lat' dir='ltr'><strong>pos-</strong></span> 
     </span>
     <span class='ocr_line' id='line_1_30' title="bbox 238 3413 1253 3477; baseline -0.001 -3"><span class='ocrx_word' id='word_1_278' title='bbox 238 3416 562 3474; x_wconf 83' lang='lat' dir='ltr'><strong>sessiones</strong></span> <span class='ocrx_word' id='word_1_279' title='bbox 600 3413 863 3477; x_wconf 77' lang='lat' dir='ltr'><strong>fuerunt</strong></span> <span class='ocrx_word' id='word_1_280' title='bbox 905 3413 1253 3476; x_wconf 81' lang='lat' dir='ltr'><strong>recollecto.</strong></span> 
     </span>
    </p>

    <p class='ocr_par' dir='ltr' id='par_1_6' title="bbox 232 3510 2706 3890">
     <span class='ocr_line' id='line_1_31' title="bbox 370 3510 2704 3590; baseline 0.002 -20"><span class='ocrx_word' id='word_1_281' title='bbox 370 3510 694 3572; x_wconf 75' lang='lat' dir='ltr'><strong>Iohannes</strong></span> <span class='ocrx_word' id='word_1_282' title='bbox 734 3511 999 3571; x_wconf 87' lang='lat' dir='ltr'><strong>clericus</strong></span> <span class='ocrx_word' id='word_1_283' title='bbox 1040 3511 1243 3582; x_wconf 78' lang='lat' dir='ltr'><strong>electi,</strong></span> <span class='ocrx_word' id='word_1_284' title='bbox 1275 3529 1583 3590; x_wconf 78' lang='lat' dir='ltr'><strong>expensor</strong></span> <span class='ocrx_word' id='word_1_285' title='bbox 1611 3513 1675 3572; x_wconf 91' lang='lat' dir='ltr'><strong>in</strong></span> <span class='ocrx_word' id='word_1_286' title='bbox 1706 3513 1988 3573; x_wconf 82' lang='lat' dir='ltr'><strong>exercitu</strong></span> <span class='ocrx_word' id='word_1_287' title='bbox 2017 3519 2242 3574; x_wconf 77' lang='lat' dir='ltr'><strong>contra</strong></span> <span class='ocrx_word' id='word_1_288' title='bbox 2280 3513 2704 3585; x_wconf 85' lang='lat' dir='ltr'><strong>Pulicianum‚</strong></span> 
     </span>
     <span class='ocr_line' id='line_1_32' title="bbox 236 3607 2704 3687; baseline 0 -18"><span class='ocrx_word' id='word_1_289' title='bbox 236 3616 305 3669; x_wconf 84' lang='lat' dir='ltr'><strong>et</strong></span> <span class='ocrx_word' id='word_1_290' title='bbox 358 3608 807 3687; x_wconf 83' lang='lat' dir='ltr'><strong>Ingerammus</strong></span> <span class='ocrx_word' id='word_1_291' title='bbox 848 3609 930 3668; x_wconf 86' lang='lat' dir='ltr'><strong>de</strong></span> <span class='ocrx_word' id='word_1_292' title='bbox 973 3607 1273 3668; x_wconf 76' lang='lat' dir='ltr'><strong>Certaldo</strong></span> <span class='ocrx_word' id='word_1_293' title='bbox 1316 3608 1492 3668; x_wconf 78' lang='lat' dir='ltr'><strong>miles</strong></span> <span class='ocrx_word' id='word_1_294' title='bbox 1548 3627 1642 3686; x_wconf 92' lang='lat' dir='ltr'><strong>ep.</strong></span> <span class='ocrx_word' id='word_1_295' title='bbox 1688 3609 1984 3686; x_wconf 85' lang='lat' dir='ltr'><strong>predicta</strong></span> <span class='ocrx_word' id='word_1_296' title='bbox 2023 3611 2426 3670; x_wconf 71' lang='lat' dir='ltr'><strong>confirmant.</strong></span> <span class='ocrx_word' id='word_1_297' title='bbox 2479 3610 2704 3670; x_wconf 84' lang='lat' dir='ltr'><strong>Lam-</strong></span> 
     </span>
     <span class='ocr_line' id='line_1_33' title="bbox 237 3705 2706 3786; baseline 0.001 -20"><span class='ocrx_word' id='word_1_298' title='bbox 237 3707 539 3766; x_wconf 83' lang='lat' dir='ltr'><strong>bertus</strong></span> <span class='ocrx_word' id='word_1_299' title='bbox 596 3711 770 3766; x_wconf 68' lang='lat' dir='ltr'><strong>not..</strong></span> <span class='ocrx_word' id='word_1_300' title='bbox 828 3705 1008 3777; x_wconf 83' lang='lat' dir='ltr'><strong>dicit,</strong></span> <span class='ocrx_word' id='word_1_301' title='bbox 1064 3706 1237 3781; x_wconf 90' lang='lat' dir='ltr'><strong>quod</strong></span> <span class='ocrx_word' id='word_1_302' title='bbox 1297 3707 1573 3784; x_wconf 85' lang='lat' dir='ltr'><strong>quedam</strong></span> <span class='ocrx_word' id='word_1_303' title='bbox 1630 3706 1800 3766; x_wconf 85' lang='lat' dir='ltr'><strong>bona</strong></span> <span class='ocrx_word' id='word_1_304' title='bbox 1854 3708 2262 3784; x_wconf 77' lang='lat' dir='ltr'><strong>episcopatus</strong></span> <span class='ocrx_word' id='word_1_305' title='bbox 2317 3715 2472 3767; x_wconf 73' lang='lat' dir='ltr'><strong>sunt</strong></span> <span class='ocrx_word' id='word_1_306' title='bbox 2523 3709 2706 3786; x_wconf 82' lang='lat' dir='ltr'><strong>parvi</strong></span> 
     </span>
     <span class='ocr_line' id='line_1_34' title="bbox 232 3803 2706 3890; baseline 0.001 -26"><span class='ocrx_word' id='word_1_307' title='bbox 232 3805 501 3864; x_wconf 79' lang='lat' dir='ltr'><strong>fructus</strong></span> <span class='ocrx_word' id='word_1_308' title='bbox 522 3809 589 3862; x_wconf 81' lang='lat' dir='ltr'><strong>et</strong></span> <span class='ocrx_word' id='word_1_309' title='bbox 612 3810 881 3880; x_wconf 71' lang='lat' dir='ltr'><strong>possunt·</strong></span> <span class='ocrx_word' id='word_1_310' title='bbox 904 3803 1053 3890; x_wconf 77' lang='lat' dir='ltr'><strong>inde</strong></span> <span class='ocrx_word' id='word_1_311' title='bbox 1076 3803 1285 3880; x_wconf 78' lang='lat' dir='ltr'><strong>plures</strong></span> <span class='ocrx_word' id='word_1_312' title='bbox 1308 3804 1547 3863; x_wconf 81' lang='lat' dir='ltr'><strong>denarii</strong></span> <span class='ocrx_word' id='word_1_313' title='bbox 1572 3804 1810 3864; x_wconf 86' lang='lat' dir='ltr'><strong>haberi.</strong></span> <span class='ocrx_word' id='word_1_314' title='bbox 1898 3807 2044 3864; x_wconf 83' lang='lat' dir='ltr'><strong>Act.</strong></span> <span class='ocrx_word' id='word_1_315' title='bbox 2069 3807 2242 3882; x_wconf 86' lang='lat' dir='ltr'><strong>apud</strong></span> <span class='ocrx_word' id='word_1_316' title='bbox 2262 3806 2570 3866; x_wconf 81' lang='lat' dir='ltr'><strong>Sanctum</strong></span> <span class='ocrx_word' id='word_1_317' title='bbox 2587 3806 2706 3866; x_wconf 84' lang='lat' dir='ltr'><strong>Ge-</strong></span> 
     </span>
    </p>
   </div>
   <div class='ocr_carea' id='block_1_4' title="bbox 234 3899 2705 4070">
    <p class='ocr_par' dir='ltr' id='par_1_7' title="bbox 234 3899 2705 4070">
     <span class='ocr_line' id='line_1_35' title="bbox 234 3899 2705 3978; baseline 0 -18"><span class='ocrx_word' id='word_1_318' title='bbox 234 3903 629 3961; x_wconf 80' lang='lat' dir='ltr'><strong>minianum.</strong></span> <span class='ocrx_word' id='word_1_319' title='bbox 742 3900 1069 3960; x_wconf 80' lang='lat' dir='ltr'><strong>Ranuccio</strong></span> <span class='ocrx_word' id='word_1_320' title='bbox 1112 3900 1191 3959; x_wconf 74' lang='lat' dir='ltr'><strong>do</strong></span> <span class='ocrx_word' id='word_1_321' title='bbox 1236 3899 1714 3978; x_wconf 73' lang='lat' dir='ltr'><strong>Montegrossoli</strong></span> <span class='ocrx_word' id='word_1_322' title='bbox 1760 3908 1823 3960; x_wconf 85' lang='lat' dir='ltr'><strong>et</strong></span> <span class='ocrx_word' id='word_1_323' title='bbox 1855 3900 2152 3962; x_wconf 70' lang='lat' dir='ltr'><strong>Schiritta</strong></span> <span class='ocrx_word' id='word_1_324' title='bbox 2192 3908 2270 3961; x_wconf 73' lang='lat' dir='ltr'><strong>tt.</strong></span> <span class='ocrx_word' id='word_1_325' title='bbox 2373 3902 2705 3974; x_wconf 85' lang='lat' dir='ltr'>MCCLVI,</span> 
     </span>
     <span class='ocr_line' id='line_1_36' title="bbox 236 3996 1205 4070; baseline -0.004 -10"><span class='ocrx_word' id='word_1_326' title='bbox 236 3999 397 4060; x_wconf 70' lang='lat' dir='ltr'><strong>Ina.</strong></span> <span class='ocrx_word' id='word_1_327' title='bbox 446 3998 590 4070; x_wconf 78' lang='lat' dir='ltr'><strong>XV,</strong></span> <span class='ocrx_word' id='word_1_328' title='bbox 638 3996 779 4058; x_wconf 74' lang='lat'>1111</span> <span class='ocrx_word' id='word_1_329' title='bbox 822 4016 971 4058; x_wconf 89' lang='lat' dir='ltr'><strong>non.</strong></span> <span class='ocrx_word' id='word_1_330' title='bbox 1018 4003 1205 4058; x_wconf 82' lang='lat' dir='ltr'><strong>mart.</strong></span> 
     </span>
    </p>
   </div>
   <div class='ocr_carea' id='block_1_5' title="bbox 214 4247 2710 4832">
    <p class='ocr_par' dir='ltr' id='par_1_8' title="bbox 214 4247 2710 4756">
     <span class='ocr_line' id='line_1_37' title="bbox 396 4247 2706 4318; baseline 0 -21"><span class='ocrx_word' id='word_1_331' title='bbox 396 4248 441 4312; x_wconf 83' lang='grc' dir='ltr'><strong>ι)</strong></span> <span class='ocrx_word' id='word_1_332' title='bbox 483 4247 627 4297; x_wconf 80' lang='lat' dir='ltr'><strong>Oben</strong></span> <span class='ocrx_word' id='word_1_333' title='bbox 662 4265 715 4298; x_wconf 80' lang='lat' dir='ltr'><strong>n.</strong></span> <span class='ocrx_word' id='word_1_334' title='bbox 758 4251 879 4298; x_wconf 76' lang='lat'><strong><em>572.</em></strong></span> <span class='ocrx_word' id='word_1_335' title='bbox 1026 4248 1070 4312; x_wconf 61' lang='grc' dir='ltr'><strong>ε)</strong></span> <span class='ocrx_word' id='word_1_336' title='bbox 1110 4248 1254 4298; x_wconf 76' lang='lat' dir='ltr'><strong>Oben</strong></span> <span class='ocrx_word' id='word_1_337' title='bbox 1289 4264 1342 4297; x_wconf 76' lang='lat' dir='ltr'><strong>n.</strong></span> <span class='ocrx_word' id='word_1_338' title='bbox 1384 4251 1485 4298; x_wconf 70' lang='lat'><strong>491</strong></span> <span class='ocrx_word' id='word_1_339' title='bbox 1504 4265 1525 4306; x_wconf 91' lang='lat'><strong>,·</strong></span> <span class='ocrx_word' id='word_1_340' title='bbox 1562 4251 1649 4298; x_wconf 81' lang='lat' dir='ltr'><strong>die</strong></span> <span class='ocrx_word' id='word_1_341' title='bbox 1692 4251 1966 4310; x_wconf 77' lang='lat' dir='ltr'><strong>Urkunde,</strong></span> <span class='ocrx_word' id='word_1_342' title='bbox 1993 4250 2079 4298; x_wconf 81' lang='lat' dir='ltr'><strong>die</strong></span> <span class='ocrx_word' id='word_1_343' title='bbox 2103 4249 2328 4318; x_wconf 72' lang='lat' dir='ltr'><strong>schlqcht</strong></span> <span class='ocrx_word' id='word_1_344' title='bbox 2359 4250 2593 4298; x_wconf 73' lang='lat' dir='ltr'><strong>erhalten</strong></span> <span class='ocrx_word' id='word_1_345' title='bbox 2619 4251 2706 4308; x_wconf 76' lang='lat' dir='ltr'><strong>ist,</strong></span> 
     </span>
     <span class='ocr_line' id='line_1_38' title="bbox 230 4335 2706 4398; baseline -0 -10"><span class='ocrx_word' id='word_1_346' title='bbox 230 4339 333 4388; x_wconf 75' lang='lat' dir='ltr'><strong>hat</strong></span> <span class='ocrx_word' id='word_1_347' title='bbox 360 4337 483 4385; x_wconf 70' lang='lat' dir='ltr'><strong>also</strong></span> <span class='ocrx_word' id='word_1_348' title='bbox 508 4337 609 4386; x_wconf 74' lang='lat' dir='ltr'><strong>das</strong></span> <span class='ocrx_word' id='word_1_349' title='bbox 640 4337 845 4385; x_wconf 76' lang='lat' dir='ltr'><strong>Datum</strong></span> <span class='ocrx_word' id='word_1_350' title='bbox 884 4338 951 4386; x_wconf 84' lang='lat'><strong>15</strong></span> <span class='ocrx_word' id='word_1_351' title='bbox 990 4335 1229 4386; x_wconf 75' lang='lat' dir='ltr'><strong>Febr-nar</strong></span> <span class='ocrx_word' id='word_1_352' title='bbox 1274 4339 1404 4387; x_wconf 71' lang='lat'><em>12:33</em></span> <span class='ocrx_word' id='word_1_353' title='bbox 1444 4337 1629 4398; x_wconf 75' lang='lat' dir='ltr'><strong>qehabt</strong></span> <span class='ocrx_word' id='word_1_354' title='bbox 1666 4339 1779 4387; x_wconf 78' lang='lat' dir='ltr'><strong>und</strong></span> <span class='ocrx_word' id='word_1_355' title='bbox 1816 4339 1934 4387; x_wconf 76' lang='lat' dir='ltr'><strong>eine</strong></span> <span class='ocrx_word' id='word_1_356' title='bbox 1973 4338 2203 4387; x_wconf 76' lang='lat' dir='ltr'><strong>Anleihe</strong></span> <span class='ocrx_word' id='word_1_357' title='bbox 2245 4353 2346 4387; x_wconf 86' lang='lat' dir='ltr'><strong>von</strong></span> <span class='ocrx_word' id='word_1_358' title='bbox 2376 4339 2480 4387; x_wconf 69' lang='lat'><strong>:340</strong></span> <span class='ocrx_word' id='word_1_359' title='bbox 2517 4337 2706 4397; x_wconf 74' lang='lat' dir='ltr'><strong>Pfund</strong></span> 
     </span>
     <span class='ocr_line' id='line_1_39' title="bbox 214 4423 2707 4486; baseline -0 -11"><span class='ocrx_word' id='word_1_360' title='bbox 214 4424 534 4475; x_wconf 60' lang='lat' dir='ltr'><strong>mulinum.</strong></span> <span class='ocrx_word' id='word_1_361' title='bbox 724 4423 767 4484; x_wconf 72' lang='grc'><strong>8)</strong></span> <span class='ocrx_word' id='word_1_362' title='bbox 797 4423 987 4474; x_wconf 68' lang='lat' dir='ltr'><strong>Leider</strong></span> <span class='ocrx_word' id='word_1_363' title='bbox 1024 4425 1095 4474; x_wconf 76' lang='lat' dir='ltr'><strong>ist</strong></span> <span class='ocrx_word' id='word_1_364' title='bbox 1128 4425 1217 4474; x_wconf 80' lang='lat' dir='ltr'><strong>die</strong></span> <span class='ocrx_word' id='word_1_365' title='bbox 1260 4425 1518 4474; x_wconf 77' lang='lat' dir='ltr'><strong>Urkundo</strong></span> <span class='ocrx_word' id='word_1_366' title='bbox 1555 4441 1613 4474; x_wconf 78' lang='lat' dir='ltr'><strong>so</strong></span> <span class='ocrx_word' id='word_1_367' title='bbox 1649 4429 1881 4484; x_wconf 70' lang='lat' dir='ltr'><strong>zeretdrt,</strong></span> <span class='ocrx_word' id='word_1_368' title='bbox 1921 4427 2049 4474; x_wconf 72' lang='lat' dir='ltr'><strong>dass</strong></span> <span class='ocrx_word' id='word_1_369' title='bbox 2076 4426 2230 4474; x_wconf 70' lang='lat' dir='ltr'><strong>solbet</strong></span> <span class='ocrx_word' id='word_1_370' title='bbox 2267 4427 2366 4474; x_wconf 68' lang='lat' dir='ltr'><strong>‘mit</strong></span> <span class='ocrx_word' id='word_1_371' title='bbox 2405 4426 2462 4474; x_wconf 84' lang='lat' dir='ltr'><em>H</em></span> <span class='ocrx_word' id='word_1_372' title='bbox 2467 4425 2577 4486; x_wconf 62' lang='lat' dir='ltr'><strong>alfe</strong></span> <span class='ocrx_word' id='word_1_373' title='bbox 2613 4426 2707 4474; x_wconf 73' lang='lat' dir='ltr'><strong>des</strong></span> 
     </span>
     <span class='ocr_line' id='line_1_40' title="bbox 232 4513 2710 4576; baseline -0.001 -10"><span class='ocrx_word' id='word_1_374' title='bbox 232 4515 369 4566; x_wconf 70' lang='lat' dir='ltr'><strong>sehr</strong></span> <span class='ocrx_word' id='word_1_375' title='bbox 406 4513 831 4562; x_wconf 71' lang='lat' dir='ltr'><strong>summarischm</strong></span> <span class='ocrx_word' id='word_1_376' title='bbox 852 4513 1094 4576; x_wconf 77' lang='lat' dir='ltr'><strong>Spoqlio,</strong></span> <span class='ocrx_word' id='word_1_377' title='bbox 1132 4515 1321 4563; x_wconf 64' lang='lat' dir='ltr'><strong>dassen</strong></span> <span class='ocrx_word' id='word_1_378' title='bbox 1364 4513 1640 4574; x_wconf 75' lang='lat' dir='ltr'><strong>Verlasser</strong></span> <span class='ocrx_word' id='word_1_379' title='bbox 1677 4515 1893 4564; x_wconf 71' lang='lat' dir='ltr'><strong>Galloni</strong></span> <span class='ocrx_word' id='word_1_380' title='bbox 1929 4516 2006 4564; x_wconf 83' lang='lat' dir='ltr'><strong>im</strong></span> <span class='ocrx_word' id='word_1_381' title='bbox 2037 4515 2209 4565; x_wconf 72' lang='lat' dir='ltr'><strong>Jahre</strong></span> <span class='ocrx_word' id='word_1_382' title='bbox 2239 4517 2376 4564; x_wconf 73' lang='lat'><em>1782</em></span> <span class='ocrx_word' id='word_1_383' title='bbox 2399 4515 2536 4564; x_wconf 75' lang='lat' dir='ltr'><strong>noch</strong></span> <span class='ocrx_word' id='word_1_384' title='bbox 2562 4515 2710 4564; x_wconf 76' lang='lat' dir='ltr'><strong>mehr</strong></span> 
     </span>
     <span class='ocr_line' id='line_1_41' title="bbox 232 4601 2708 4666; baseline 0 -12"><span class='ocrx_word' id='word_1_385' title='bbox 232 4606 344 4666; x_wconf 73' lang='lat' dir='ltr'><strong>las,</strong></span> <span class='ocrx_word' id='word_1_386' title='bbox 376 4601 467 4652; x_wconf 71' lang='lat' dir='ltr'><strong>die</strong></span> <span class='ocrx_word' id='word_1_387' title='bbox 498 4605 733 4665; x_wconf 71' lang='lat' dir='ltr'><strong>qrdseere</strong></span> <span class='ocrx_word' id='word_1_388' title='bbox 768 4601 825 4650; x_wconf 84' lang='lat' dir='ltr'><em>H</em></span> <span class='ocrx_word' id='word_1_389' title='bbox 828 4601 953 4662; x_wconf 69' lang='lat' dir='ltr'><strong>(illes</strong></span> <span class='ocrx_word' id='word_1_390' title='bbox 990 4601 1083 4652; x_wconf 76' lang='lat' dir='ltr'><strong>der</strong></span> <span class='ocrx_word' id='word_1_391' title='bbox 1117 4602 1273 4652; x_wconf 76' lang='lat' dir='ltr'><strong>meist</strong></span> <span class='ocrx_word' id='word_1_392' title='bbox 1307 4603 1441 4652; x_wconf 76' lang='lat' dir='ltr'><strong>noch</strong></span> <span class='ocrx_word' id='word_1_393' title='bbox 1476 4619 1579 4651; x_wconf 84' lang='lat' dir='ltr'><strong>von</strong></span> <span class='ocrx_word' id='word_1_394' title='bbox 1614 4604 1811 4665; x_wconf 78' lang='lat' dir='ltr'><strong>Paqan</strong></span> <span class='ocrx_word' id='word_1_395' title='bbox 1848 4605 2216 4654; x_wconf 72' lang='lat' dir='ltr'><strong>stammenden</strong></span> <span class='ocrx_word' id='word_1_396' title='bbox 2251 4603 2526 4656; x_wconf 74' lang='lat' dir='ltr'><strong>Sohuldcn</strong></span> <span class='ocrx_word' id='word_1_397' title='bbox 2561 4603 2708 4654; x_wconf 72' lang='lat' dir='ltr'><strong>nicht</strong></span> 
     </span>
     <span class='ocr_line' id='line_1_42' title="bbox 230 4689 2708 4756; baseline -0 -13"><span class='ocrx_word' id='word_1_398' title='bbox 230 4689 605 4756; x_wconf 69' lang='lat' dir='ltr'><strong>seetzustellen</strong></span> <span class='ocrx_word' id='word_1_399' title='bbox 641 4689 727 4741; x_wconf 74' lang='lat' dir='ltr'><strong>ist.</strong></span> <span class='ocrx_word' id='word_1_400' title='bbox 878 4690 921 4754; x_wconf 82' lang='lat'><strong>⁴)</strong></span> <span class='ocrx_word' id='word_1_401' title='bbox 954 4690 1255 4752; x_wconf 73' lang='lat' dir='ltr'><strong>Verqleiche</strong></span> <span class='ocrx_word' id='word_1_402' title='bbox 1305 4692 1457 4740; x_wconf 81' lang='lat' dir='ltr'><strong><em>B.-F.</em></strong></span> <span class='ocrx_word' id='word_1_403' title='bbox 1510 4693 1663 4740; x_wconf 80' lang='lat'><em>3390.</em></span> <span class='ocrx_word' id='word_1_404' title='bbox 1716 4691 2033 4740; x_wconf 78' lang='lat' dir='ltr'><strong>Davidsolm</strong></span> <span class='ocrx_word' id='word_1_405' title='bbox 2083 4693 2472 4755; x_wconf 72' lang='lat' dir='ltr'><strong>Forschunyen</strong></span> <span class='ocrx_word' id='word_1_406' title='bbox 2525 4693 2595 4742; x_wconf 94' lang='lat' dir='ltr'><strong>II</strong></span> <span class='ocrx_word' id='word_1_407' title='bbox 2642 4693 2708 4742; x_wconf 84' lang='lat'><strong>63</strong></span> 
     </span>
    </p>

    <p class='ocr_par' dir='ltr' id='par_1_9' title="bbox 232 4779 937 4832">
     <span class='ocr_line' id='line_1_43' title="bbox 232 4779 937 4832; baseline -0.006 0"><span class='ocrx_word' id='word_1_408' title='bbox 232 4801 289 4832; x_wconf 80' lang='lat' dir='ltr'><strong>n.</strong></span> <span class='ocrx_word' id='word_1_409' title='bbox 336 4781 467 4832; x_wconf 70' lang='lat'><strong>448.</strong></span> <span class='ocrx_word' id='word_1_410' title='bbox 542 4779 687 4828; x_wconf 73' lang='lat' dir='ltr'><strong>Oben</strong></span> <span class='ocrx_word' id='word_1_411' title='bbox 722 4795 777 4828; x_wconf 73' lang='lat' dir='ltr'><strong>n.</strong></span> <span class='ocrx_word' id='word_1_412' title='bbox 818 4780 937 4829; x_wconf 86' lang='lat'><strong><em>593.</em></strong></span> 
     </span>
    </p>
   </div>
   <div class='ocr_carea' id='block_1_6' title="bbox 478 4957 539 5006">
    <p class='ocr_par' dir='ltr' id='par_1_10' title="bbox 478 4957 539 5006">
     <span class='ocr_line' id='line_1_44' title="bbox 478 4957 539 5006; baseline 0.016 -1"><span class='ocrx_word' id='word_1_413' title='bbox 478 4957 539 5006; x_wconf 87' lang='lat'><strong>15</strong></span> 
     </span>
    </p>
   </div>
   <div class='ocr_carea' id='block_1_7' title="bbox 3748 13 3750 916">
    <p class='ocr_par' dir='ltr' id='par_1_11' title="bbox 3748 13 3750 916">
     <span class='ocr_line' id='line_1_45' title="bbox 3748 13 3750 916; baseline 0 0"><span class='ocrx_word' id='word_1_414' title='bbox 3748 13 3750 916; x_wconf 95' lang='lat' dir='ltr'><strong> </strong></span> 
     </span>
    </p>
   </div>
  </div>
 </body>
</html>
