3817 5642
817 567 1262 623 REGESTUM
1303 568 1990 623 VOLATERRANUM
2532 571 2635 623 305

167 762 278 838 qd.
326 761 804 823 Buoncristiani
843 762 924 823 de
953 762 1249 824 casalino
1290 762 1462 822 ourie
1490 762 1728 823 Montis
1761 760 2071 823 Vultrarii
2097 763 2431 824 districtus
2458 763 2633 824 Vult..

169 880 290 937 pro
321 860 658 920 salvuccio
695 858 940 921 Faville
967 861 1212 921 sindico
1252 857 1426 920 Vult.
1459 861 1746 920 comunis
1772 860 1858 921 de
1883 861 2163 921 denariis
2192 861 2434 921 sindico
2464 862 2638 923 datis

167 984 210 1021 a
253 958 602 1019 Mannecto
646 959 926 1019 Peraccii
967 959 1315 1018 camerario
1357 958 1646 1019 comunis
1687 958 1861 1021 Vult..
1908 978 2025 1036 pro
2052 959 2507 1021 satisfaciendo
2534 979 2635 1023 oo·

169 1058 322 1117 miti
359 1062 430 1115 et
473 1054 784 1115 militibus
828 1055 980 1115 talie
1021 1074 1138 1133 pro
1181 1076 1356 1134 paga
1391 1061 1553 1134 sept.
1596 1063 1665 1116 et
1705 1064 1829 1116 oct.
1875 1058 2327 1135 preteritorum
2370 1056 2473 1117 lib.
2512 1057 2638 1118 XV

167 1164 238 1215 et
283 1154 399 1215 sol.
443 1153 574 1215 VII
615 1152 760 1214 den.
807 1154 930 1214 Pis.
1016 1154 1158 1214 Act.
1205 1154 1385 1214 Senis
1425 1143 1492 1213 i1'1
1532 1154 1728 1213 domo
1773 1154 2052 1232 giardini
2106 1154 2635 1215 Salimbenorum.

169 1252 463 1313 Orlando
502 1251 586 1312 de
625 1250 995 1311 Malavoltis
1037 1250 1119 1311 de
1162 1249 1357 1311 Senis.
1404 1250 1625 1313 Bruno
1665 1258 1799 1312 not.
1844 1252 2118 1313 comitis.
2162 1253 2403 1313 Datino
2445 1251 2640 1313 Bindi

167 1352 254 1411 de
297 1349 672 1427 Septimena
713 1349 886 1409 curie
927 1348 1169 1409 Montis
1200 1347 1506 1409 Vultrarii
1547 1354 1623 1408 tt.
1709 1348 2264 1421 MCCLXXXIII,
2314 1350 2441 1409 ind.
2480 1346 2636 1421 XII,

167 1449 228 1508 V
273 1468 422 1509 nov.
508 1445 780 1507 Michael
824 1445 927 1527 qd.
975 1446 1282 1506 Bonaiuti
1321 1446 1404 1507 de
1444 1445 1617 1507 Vult.
1663 1446 1856 1509 iudex
1918 1448 2049 1507 ord.
2108 1454 2177 1509 et
2229 1452 2362 1508 not.
2414 1447 2638 1508 imbre-

171 1548 356 1607 viata
401 1564 513 1623 per
554 1542 902 1605 Barzinum
945 1550 1081 1603 not.

497 1642 756 1703 Florenz
797 1642 948 1703 Ast.
999 1642 1183 1739 (7918.
1229 1662 1290 1703 n.
1335 1642 1524 1717 1151)
1569 1642 1738 1719 Oriq.

171 1874 314 1932 906.
1734 1870 1950 1945 siena,
1995 1871 2036 1930 5
2077 1872 2414 1932 November
2454 1872 2635 1933 1283.

295 1972 632 2031 Rostanus
674 1970 754 2031 de
781 1969 1144 2049 Cavaglone
1173 1967 1602 2040 conestabiliS‚
1635 1968 2087 2049 Ermingaldus
2117 1971 2197 2031 de
2226 1969 2636 2042 MonteoliVQ

173 2069 556 2129 Guilielmus
585 2068 794 2140 Testa,
827 2066 1018 2128 Ianni
1043 2066 1502 2147 BorgognoniS,
1533 2066 1933 2128 Rambertus
1962 2066 2280 2139 Rainaldi,
2312 2068 2639 2146 Ughettus

171 2168 256 2226 de
298 2166 524 2225 Moeza
565 2166 958 2226 substitutus
999 2164 1140 2225 loco
1180 2162 1494 2225 Bernardi
1539 2164 1621 2225 de
1661 2162 2061 2225 Monteolaro
2116 2164 2350 2225 milites
2392 2167 2639 2225 contin-

171 2268 404 2342 gentes
445 2262 660 2323 Vult.
706 2263 1030 2322 comuni
1071 2260 1152 2321 de
1191 2260 1504 2321 militibus
1546 2262 1698 2322 talie
1739 2263 2067 2322 societatis
2110 2262 2339 2322 Tuscie
2379 2263 2449 2323 in
2502 2282 2641 2339 pre-

171 2362 390 2421 sentia
433 2359 744 2421 Guidonis
785 2358 1143 2420 Salvatichi
1183 2360 1435 2420 comitis
1477 2360 1545 2422 in
1585 2359 1818 2420 Tuscia
1861 2358 2136 2437 palatini
2188 2359 2451 2420 fuerunt
2492 2379 2639 2420 eon-

171 2458 328 2518 fossi
369 2476 436 2517 se
481 2458 788 2535 recepisse
829 2455 913 2518 ab
958 2456 1228 2517 Alberto
1263 2456 1740 2519 Buoneristiani
1768 2458 1850 2518 de
1876 2457 2173 2518 casalino
2202 2458 2372 2518 curie
2402 2457 2641 2518 Montis

173 2556 492 2617 Vultrarii
531 2553 704 2615 Vult..
747 2555 1081 2616 districtus
1135 2573 1256 2636 pro
1318 2554 1651 2617 Salvuooio
1716 2556 1961 2617 Favffle
2018 2556 2263 2616 sindico
2303 2554 2478 2617 Vult.
2538 2576 2640 2617 co-

173 2654 396 2715 munis
437 2653 520 2714 de
559 2652 812 2714 florenis
850 2652 932 2713 de
976 2672 1135 2713 auro
1173 2657 1242 2713 et
1284 2652 1422 2713 aliis
1463 2651 1607 2713 den.
1671 2653 1730 2713 ei
1784 2653 1954 2713 dabis
2010 2672 2130 2732 pro
2185 2652 2641 2714 satisfaciendo
2744 2704 2757 2714 .

173 2772 296 2830 pro
338 2750 496 2811 iulio
535 2756 600 2811 et
641 2754 920 2830 augusto
962 2750 1282 2827 preteritis
1325 2754 1393 2810 et
1447 2768 1562 2828 pro
1611 2750 1794 2811 soldo
1849 2749 2157 2811 bamdere
2214 2750 2493 2812 Rostani
2532 2749 2639 2811 lib.

172 2848 394 2911 CLIII
434 2848 579 2909 den.
623 2867 804 2925 parv.
848 2847 974 2907 Pis.
1018 2852 1086 2907 eb
1127 2847 1577 2909 florinellorum
1618 2848 1688 2909 in
1740 2847 1882 2909 den.
1942 2848 2184 2909 florinis
2240 2847 2321 2908 de
2377 2868 2535 2909 auro
2578 2854 2643 2909 et

173 2947 322 3007 aliis
365 2945 510 3006 den.
555 2946 780 3006 erossis
833 2944 914 3005 de
973 2950 1255 3021 argente,
1311 2945 1705 3023 computatis
1759 2943 1868 3004 III
1924 2944 2052 3018 lib„
2097 2964 2259 3023 quas
2313 2944 2647 3005 Rostanus
2704 2994 2717 3011 .

174 3043 418 3104 habere
460 3040 741 3103 debebat
783 3060 900 3120 pro
943 3041 1242 3101 bendere.
1324 3040 1468 3101 Aet.
1507 3040 1689 3103 Senis
1717 3042 1785 3121 iu
1812 3042 2009 3103 domo
2036 3042 2308 3121 gisi-dini
2336 3042 2641 3102 Salimbe-

175 3160 430 3201 norum.
518 3139 800 3201 Orlando
839 3140 923 3199 de
951 3138 1316 3199 Malavoltis
1342 3138 1424 3199 de
1451 3136 1648 3199 Senis,
1681 3139 1901 3199 Bruno
1932 3144 2066 3200 not.
2099 3141 2367 3200 comitis
2401 3139 2645 3200 Datino

181 3237 382 3299 Bindi
419 3237 502 3299 de
541 3236 914 3317 Septimena
957 3242 1034 3296 tt.
1119 3234 1668 3309 MCCLXXXIII,
1699 3236 1831 3297 ind.
1862 3236 2021 3307 XII,
2050 3236 2109 3297 V
2138 3256 2285 3299 nov.
2373 3236 2643 3298 Michael

175 3337 288 3415 qd.
321 3335 632 3395 Bonaiuti
657 3336 738 3395 de
765 3334 940 3395 Vult.
973 3334 1167 3395 iudex
1201 3334 1332 3394 ord.
1363 3340 1430 3394 et,
1457 3340 1590 3395 not.
1623 3354 1701 3395 ex
1723 3333 2201 3395 imbreviaturis
2223 3334 2487 3395 Barzini
2506 3340 2640 3395 not.

506 3433 766 3493 Florenz
805 3431 956 3492 Ast.
1007 3432 1192 3505 (Volt.
1233 3451 1300 3492 n.
1343 3431 1530 3507 1151)
1573 3431 1743 3509 Θήρ.

179 3666 320 3725 907.
1479 3660 1957 3735 Monteouccari‚
2002 3660 2040 3719 5
2082 3660 2421 3721 November
2463 3660 2641 3722 1283.

303 3759 857 3829 MCCLXXXIII,
881 3760 1008 3820 ind.
1044 3759 1199 3829 XII,
1229 3758 1287 3820 V
1313 3777 1462 3819 nov.
1547 3758 1690 3819 Act.
1721 3758 2255 3820 Montecuoohari.
2344 3759 2648 3821 Casuccio

179 3862 288 3939 qd.
339 3858 578 3920 Duccii.
623 3858 850 3919 Giacto
880 3858 1190 3918 Aludierii
1217 3862 1295 3917 tt.
1381 3856 1628 3917 Cinus
1657 3876 1868 3918 eomes
1898 3856 2051 3916 olim
2074 3840 2359 3917 Rainexii
2393 3858 2646 3917 comitis

180 3958 262 4018 de
304 3955 826 4016 Monteouochari
865 3954 1020 4014 fecit
1063 3954 1506 4015 Trinouocium
1547 3953 1814 4013 fratrem
1857 3972 2045 4013 suum
2088 3955 2391 4014 comitem
2424 3974 2643 4031 procu-

183 4060 466 4114 ratorem
510 4052 593 4113 ad
633 4052 1069 4113 inducendum
1111 4052 1526 4112 Thomasium
1568 4051 1672 4129 qd.
1719 4051 2163 4112 Baldovinetti
2218 4051 2299 4111 de
2354 4050 2647 4111 Lucardo

183 4154 250 4212 in
292 4151 760 4230 possessionem
801 4149 1141 4210 domorum
1185 4154 1251 4209 et
1289 4167 1500 4209 rerum
1543 4149 1601 4209 ei
1643 4147 1725 4208 ab
1769 4150 1923 4226 ipsis
1966 4148 2395 4209 venditarum.
2485 4150 2647 4210 Diri·

185 4256 334 4309 ctus
377 4254 510 4306 not.
555 4246 900 4309 Christiani
940 4248 1022 4308 de
1065 4246 1335 4308 Alfiauo,

519 4344 652 4405 Wie
690 4346 795 4407 die
834 4344 1116 4423 jolqende
1157 4345 1478 4405 Nummer.

188 4570 326 4627 908.
1755 4564 1961 4639 cedri,
2007 4567 2044 4626 6
2086 4566 2423 4627 November
2464 4567 2645 4629 1283.

313 4663 863 4735 MCCLXXXIIL
908 4665 1038 4725 ind.
1084 4664 1240 4737 XII,
1284 4664 1376 4724 VI
1417 4684 1564 4724 noir.
1649 4664 1790 4725 Aet.
1835 4663 2091 4725 Ceddri.
2195 4664 2499 4726 Casueoio
2539 4666 2645 4743 qd.

192 4762 436 4833 Duocii,
479 4760 724 4822 Darino
764 4761 870 4839 qd.
903 4761 1170 4823 Baronis
1202 4767 1278 4820 tt.
1364 4761 1416 4821 T
1432 4763 1496 4821 ri
1514 4783 1556 4821 n
1572 4782 1602 4819 e
1619 4782 1661 4821 u
1680 4782 1712 4821 c
1729 4762 1855 4821 eiu
1871 4780 1902 4821 s
1945 4780 2153 4821 comes
2183 4762 2331 4822 olim
2362 4761 2651 4823 Rainerii

407 4914 478 4964 20
