3817 5642
1067 587 1166 635 118
1714 579 2153 636 REGI-:smmi
2192 582 2877 638 VOLATERRANUM
2982 584 2995 593 ’

1059 776 1330 849 Gottoli,
1379 776 1744 839 Rainbaldo
1785 778 1896 856 qd.
1941 776 2267 839 Civrianni
2294 778 2377 839 de
2406 776 2571 839 Flor.
2618 777 2727 837 lib.
2757 778 2855 839 CC
2885 784 2953 839 et
2979 778 3190 841 soldos
3218 778 3340 839 XL
3366 780 3521 841 den.

1063 872 1260 947 Vult„
1303 877 1757 953 promittentes
1797 894 2117 937 summam
2158 875 2419 936 reddere
2450 874 2868 937 Rainaldetto
2910 877 3013 937 vel
3052 878 3351 939 societati
3382 878 3521 939 eius

1065 976 1150 1035 ad
1170 974 1296 1033 kal.
1323 972 1472 1045 ian.;
1503 974 1556 1033 si
1585 979 1740 1033 tunc
1771 992 1898 1035 non
1926 970 2323 1045 solverimus,
2354 974 2613 1035 nomine
2634 992 2781 1051 pen.
2806 974 2855 1035 C
2882 974 2995 1035 sol.
3020 994 3137 1053 pro
3166 994 3379 1037 mense
3398 976 3525 1035 sol·

1065 1090 1304 1131 vemus.
1335 1072 1714 1147 Recepimus
1737 1078 2033 1131 mutuum
2058 1089 2176 1147 pro
2197 1068 2504 1131 solvendo
2524 1090 2710 1150 equ0‚
2736 1090 2929 1149 quem
2952 1070 3385 1132 Bernardinus
3406 1073 3519 1151 qd.

1069 1167 1349 1229 Rainerii
1393 1168 1472 1227 de
1513 1165 1911 1244 Pannochya
1959 1165 2249 1226 vendidit
2300 1164 2693 1241 Ildebrando
2730 1165 2927 1229 felicis
2970 1168 3269 1227 memorie
3308 1186 3409 1245 ep.
3452 1177 3523 1228 et

1065 1266 1301 1325 iuravit
1348 1282 1702 1341 numquam
1745 1284 1880 1323 esse
1922 1262 2225 1333 solutum,
2269 1270 2335 1322 et
2364 1282 2481 1341 pro
2512 1264 2657 1336 alin,
2688 1283 2881 1343 quem
2908 1264 3201 1325 dedimus
3228 1262 3523 1325 Albizoni

1065 1363 1174 1441 qd.
1215 1361 1530 1422 Tancredi
1573 1362 1652 1421 de
1691 1360 1864 1421 Colle
1920 1381 2037 1441 pro
2090 1360 2457 1421 defensione
2512 1363 2939 1441 episcopatus.
2995 1362 3365 1423 Pannockia
3410 1363 3522 1443 qd.

1067 1458 1348 1521 Rainerii
1392 1460 1470 1520 de
1515 1458 1883 1521 Pannochia
1923 1464 1991 1520 et
2037 1458 2470 1519 Bernardinus
2510 1460 2619 1538 qd.
2664 1458 2950 1521 Rainerii
2994 1460 3097 1536 (de
3124 1460 3523 1536 Pannochia)

1065 1564 1136 1617 et
1174 1556 1268 1617 VI
1311 1556 1436 1616 kal.
1487 1554 1590 1615 iul.
1635 1554 2002 1616 (iherardus
2043 1556 2151 1635 qd.
2199 1555 2501 1617 Rainaldi
2542 1556 2623 1617 de
2664 1556 2863 1619 Prato
2904 1556 3277 1619 iuraverunt
3311 1577 3377 1617 se
3404 1576 3529 1635 pro

1065 1673 1166 1732 ep.
1211 1652 1549 1715 soluturos„
1637 1654 1776 1713 Act.
1823 1654 1888 1713 in
1918 1652 2057 1713 loco
2086 1653 2164 1714 de
2194 1652 2251 1713 le
2280 1654 2575 1715 Martine.
2664 1652 3043 1733 Bonaguida
3072 1653 3263 1716 iudex
3290 1662 3357 1715 ct
3382 1662 3527 1715 not.

1069 1750 1332 1812 Ottonis
1372 1752 1524 1830 imp.

1397 1849 1552 1911 Volt.
1585 1848 1825 1911 AVesc.
1855 1869 1906 1909 8.
1938 1846 2123 1909 XIII
2154 1848 2277 1909 dec.
2309 1850 2349 1910 2
2379 1870 2439 1909 n.
2464 1849 2545 1909 23
2572 1848 2741 1927 Oriq.

1069 2046 1207 2107 335.
2686 2044 3007 2115 Montien',
3036 2044 3119 2105 30
3143 2044 3193 2104 J
3198 2064 3311 2105 um
3339 2044 3529 2107 1216.

1193 2144 1284 2205 Μ(
1290 2142 1541 2213 CXVI,
1588 2142 1655 2201 II
1699 2142 1824 2203 kal.
1871 2144 1999 2215 iul„
2044 2144 2173 2205 ind.
2220 2142 2381 2203 IIII.
2486 2142 2593 2203 Pa
2608 2162 2759 2221 gan
2780 2162 2864 2201 us
2906 2142 3081 2203 Vult.
3126 2160 3225 2219 ep.
3270 2142 3539 2205 licentia

1071 2241 1228 2301 data
1269 2260 1310 2299 a
1350 2259 1522 2319 papa
1563 2238 1944 2301 Innocentio
1987 2240 2132 2301 111¹
2150 2246 2166 2315 )
2210 2240 2485 2301 Iohanni
2544 2238 2767 2301 abbati
2820 2258 2871 2299 s.
2916 2238 3191 2319 Galgani
3244 2238 3419 2300 bona
3462 2248 3535 2300 et

1071 2343 1274 2397 terras
1315 2338 1492 2397 cirea
1523 2356 1698 2397 mon.
1742 2337 1898 2397 sitas
1941 2338 2163 2399 donat..
2250 2338 2395 2397 Act.
2444 2339 2506 2397 in
2548 2338 2725 2397 curia
2752 2356 2853 2415 ep.
2884 2338 3069 2397 iuxta
3096 2356 3421 2398 caesarum
3446 2338 3535 2398 de

1073 2435 1366 2496 Montcri.

1395 2534 1590 2593 Siena
1635 2534 1784 2591 Ast.
1835 2532 2077 2612 Galeffo
2116 2532 2185 2593 ds·
2226 2532 2295 2591 S.
2328 2532 2613 2609 Galyano
2654 2532 2793 2593 129.
2838 2530 2961 2592 130
2986 2532 3131 2593 πιθα·
3172 2531 3369 2609 Gopp.
3412 2550 3539 2591 von

1394 2630 1574 2690 1321.
1663 2630 1815 2690 Edd.
1850 2630 1928 2689 Μ
1930 2632 2167 2691 aratori
2196 2630 2618 2706 Antiquitates
2654 2629 2747 2691 VI
2782 2630 2921 2690 263.
2954 2628 3325 2689 Canem-elli
3352 2628 3541 2689 L’ab-

1393 2729 1570 2788 bazia
1609 2729 1678 2789 di
1707 2730 1772 2789 S.
1807 2728 2091 2805 Galyano
2122 2728 2331 2805 (1896)
2362 2726 2501 2788 108.

1077 2924 1215 2985 336.
2738 2922 3035 2995 Volterra,
3064 2923 3145 2984 20
3172 2922 3323 2983 Juli
3351 2922 3539 2982 1216.

1199 3022 1550 3093 MOCXVI,
1587 3022 1718 3082 ind.
1763 3022 1876 3093 VI,
1926 3022 2096 3081 XIII
2140 3022 2267 3081 kal.
2312 3040 2457 3099 aug.
2544 3020 2923 3101 Paganus
2972 3040 3069 3099 ep.
3122 3020 3296 3081 Vult.
3348 3022 3543 3099 profi-

1081 3126 1289 3181 temur
1317 3140 1433 3181 nos
1460 3121 1768 3199 recepisse
1797 3140 1836 3181 a
1862 3120 2149 3181 Cui-rado
2176 3118 2221 3179 f.
2248 3120 2357 3197 qd.
2392 3118 2835 3179 Bonefidantie
2860 3116 3010 3179 CCC
3031 3117 3138 3179 lib.
3162 3118 3309 3179 den.
3332 3115 3541 3179 Vult..

1077 3238 1240 3298 quos
1269 3238 1310 3279 a
1348 3219 1514 3279 festo
1557 3238 1604 3277 S.
1651 3218 1976 3279 Michaelis
2005 3218 2085 3278 de
2112 3224 2275 3296 sept.
2308 3218 2391 3277 ad
2428 3236 2629 3277 unum
2674 3234 2913 3277 annum
2956 3214 3324 3287 reddemus;
3370 3234 3549 3294 pena

1077 3316 1278 3395 dupli.
1334 3314 1709 3393 obligamus
1765 3316 2043 3395 pignoris
2102 3317 2357 3375 nomine
2411 3322 2614 3375 terras
2661 3316 3068 3393 episcopatus
3118 3314 3185 3375 in
3225 3312 3545 3375 Vulterris

1079 3422 1148 3475 et
1177 3413 1504 3492 pendiciis,
1537 3414 1620 3475 ab
1647 3414 1880 3493 Alpino
1912 3434 2113 3491 usque
2142 3414 2225 3473 ad
2254 3412 2543 3473 Montem
2570 3412 2825 3473 Rodolfi
2848 3414 2893 3489 ⁸)
2924 3418 2989 3473 et
3018 3411 3103 3472 ab
3133 3410 3543 3495 Her-apsque

1081 3512 1166 3573 ad
1208 3511 1504 3572 Cecinam
1535 3548 1613 3555 —
1641 3512 1970 3589 imprimis,
2004 3530 2129 3589 que
2158 3509 2469 3571 habemus
2498 3510 2581 3571 ad
2611 3509 3002 3571 Libbianum
3030 3530 3141 3581 —3
3185 3510 3545 3589 excipimus

1079 3610 1418 3691 palatium,
1449 3608 1674 3669 domos
1702 3616 1979 3681 monete,
2011 3610 2265 3669 vineam
2295 3610 2576 3688 episcopi
2602 3608 2681 3669 de
2708 3608 2988 3669 castello.
3072 3604 3543 3669 Fideiussorem

1080 3714 1147 3770 et
1190 3706 1715 3769 sacramentalem
1768 3706 2237 3767 Bernardinum
2292 3706 2400 3785 qd.
2446 3706 2729 3765 Rainerii
2772 3703 3201 3781 Pannochie³)
3246 3711 3315 3766 et·
3357 3704 3543 3766 Isim·

1086 3804 1356 3867 bardum
1387 3805 1468 3866 de
1505 3804 1783 3865 Pichena
1823 3804 2068 3865 damus.
2114 3802 2485 3865 Pannochia
2528 3802 2633 3881 qd.
2680 3802 2962 3864 Rainerii
3004 3801 3375 3864 Pannochie
3398 3804 3445 3877 ³)
3475 3810 3542 3863 et

1083 3902 1510 3965 Cancellarius
1533 3902 1725 3964 Guidi
1751 3902 2161 3962 Braccifortis
2184 3908 2249 3961 et
2272 3902 2561 3963 Ventura
2584 3898 2692 3979 qd.
2726 3898 3141 3961 Gualfinandi
3170 3918 3286 3961 nos
3306 3899 3543 3979 princi-

1083 4001 1259 4080 pales
1299 3999 1620 4061 debitores
1660 4008 1728 4060 et
1771 4008 2106 4078 pagatores
2148 4000 2620 4059 constituimus.
2718 3996 2865 4057 Act.
2924 3996 3099 4057 Vult.
3146 3997 3213 4057 in
3266 3996 3395 4074 pal.
3438 4016 3541 4076 ep.

1083 4118 1298 4159 coram
1341 4098 1691 4159 Ghinaccio
1731 4096 1840 4175 qd.
1883 4095 2241 4157 Tebaldini.
2272 4095 2582 4173 Tederigo
2612 4095 2915 4174 Campoli.
2948 4094 3195 4155 Favilla
3226 4095 3359 4153 eius
3388 4092 3541 4155 filio.

1083 4196 1448 4269 Paltonerio
1489 4197 1570 4257 de
1613 4193 2169 4257 Montebrandoni.
2214 4194 2543 4270 Aringerio
2587 4192 2817 4254 Vitalis
2860 4198 2936 4252 tt.
2959 4196 3025 4269 ⁴).

1415 4294 1573 4355 Volt.
1607 4294 1845 4355 AVesc.
1875 4312 1927 4353 e.
1960 4290 2149 4352 XIII
2178 4291 2300 4351 dec.
2330 4292 2371 4351 2
2398 4310 2457 4351 n.
2490 4292 2571 4353 24
2598 4290 2769 4367 Θήρ.

1233 4615 1274 4679 ¹)
1311 4616 1470 4667 Siehe
1505 4630 1560 4665 n.
1589 4618 1708 4667 333.
1821 4616 1863 4677 ²)
1891 4616 2065 4665 Heme
2102 4613 2362 4665 Romolla
2398 4614 2537 4663 nahe
2572 4613 2655 4663 bei
2700 4610 2955 4663 Voltorra.
3102 4610 3145 4672 ³)
3183 4609 3401 4662 Breda-
3434 4610 3547 4659 Pa·

1089 4721 1242 4770 qm.
1389 4708 1432 4767 ⁴)
1467 4704 1628 4767 Foloe
1661 4720 1716 4756 n.
1757 4708 1889 4761 337,·
1920 4705 2005 4755 die
2044 4704 2245 4755 Schola
2280 4702 2484 4754 ocheint
2506 4700 2705 4752 bezahlt
2728 4716 2796 4749 zu
2816 4701 2955 4760 coin,
2978 4699 3067 4750 dio
3100 4698 3227 4749 Urk.
3266 4699 3341 4749 {a
3376 4699 3547 4749 m

1089 4796 1326 4845 Schm'ue
1362 4794 1620 4857 unqiutiq
1657 4795 1908 4855 qemacht.
1986 4794 2140 4843 siche
2189 4792 2446 4843 «Bistam
2481 4790 2597 4840 und
2635 4786 3099 4849 Geldwirmhottv
3133 4788 3171 4837 Ι
3210 4790 3327 4839 103.
