3817 5642
937 550 1380 605 REGESTUM
1416 550 2107 605 VOLATERRANUM
2681 553 2752 605 49

613 746 780 805 rium
807 764 901 823 ep.
941 744 1108 807 Vult.
1139 745 1218 806 11
1247 748 1348 807 cit.
1431 746 1590 807 Edd.
1620 746 1972 807 Ammirato
2000 745 2081 809 84
2108 770 2175 803 z
2206 746 2265 808 U
2272 746 2464 825 qhelli
2484 749 2504 781 ²
2529 748 2568 807 I
2588 748 2751 809 1436

617 866 686 899 z
731 842 1180 905 Reno-Camici
1221 842 1530 904 Mathizde
1560 844 1599 903 I
1626 844 1708 905 59
1742 864 1806 905 n.
1850 844 1891 905 3
1924 867 1995 903 z
2026 844 2381 905 Fiorentini
2427 845 2622 906 Mem.
2668 845 2747 905 II

613 940 782 1017 App.
811 940 935 1001 120
965 964 1034 997 z
1065 940 1252 1001 Lami
1295 940 1473 1000 Mon.
1507 940 1544 1000 I
1557 939 1608 1000 V
1635 940 1732 1003 25.
1818 940 2011 1018 Reqq.
2044 940 2396 1003 Ova-mann
2432 940 2745 1002 mathilde

609 1039 730 1099 142
758 1057 822 1099 n.
851 1038 951 1099 31.
980 1038 1048 1097 H
1053 1037 1245 1099 it'bner
1271 1058 1334 1099 n.
1363 1038 1544 1099 1469.
1583 1036 1939 1117 Verqleiche
1962 1038 2205 1099 Βαναίαν
2248 1038 2495 1117 Kampt
2546 1039 2611 1099 H
2614 1041 2743 1101 ein·

605 1135 774 1197 riclw
800 1136 900 1197 IV
929 1135 1063 1197 und
1091 1134 1348 1213 Greqors
1383 1134 1521 1196 VII
1552 1136 1652 1197 91.

287 1289 424 1349 136.
973 1286 1058 1347 In
1099 1286 1203 1347 der
1243 1286 1592 1364 Grafschast
1631 1306 1747 1347 von
1800 1286 2098 1359 Volterra,
2140 1286 2223 1348 18
2262 1286 2519 1349 Oktober
2560 1288 2741 1349 1090.

400 1384 724 1446 Placitum
767 1384 1113 1445 Matilde
1153 1384 1475 1445 comitisse
1516 1390 1584 1445 et
1625 1383 1991 1446 ducatricis,

612 1481 775 1543 Volt.
807 1480 1025 1559 AOap.
1053 1502 1116 1542 n.
1161 1480 1242 1542 88
1281 1480 1376 1541 bis
1415 1481 1589 1558 Oriq.
1673 1480 1794 1541 Oit.
1841 1482 2142 1543 Leoncini
2182 1481 2322 1543 317.
2366 1482 2517 1561 Rey.
2562 1483 2741 1543 Over·

606 1598 800 1639 mann
841 1578 1154 1639 Mathilde
1180 1578 1302 1639 157
1327 1598 1392 1641 n.
1425 1579 1524 1639 47.

283 1729 425 1790 137.
1903 1729 2201 1803 Volterra,
2245 1730 2327 1791 30
2364 1730 2515 1791 Juli
2556 1730 2737 1791 1099.

400 1826 698 1889 Petrus
738 1826 916 1889 Vult.
946 1846 1068 1907 ep„
1099 1828 1422 1905 presentia
1449 1827 1968 1905 presbiterorum,
1998 1827 2415 1889 diaconorum
2442 1847 2552 1888 seu
2580 1829 2737 1889 inse-

273 1927 462 1987 rioris
499 1926 741 1987 ordinis
773 1927 1166 1999 clericorum,
1194 1925 1364 1987 dono
1392 1927 1542 1987 eccl.
1573 1946 1624 1987 Β.
1657 1926 1819 1987 Iusti
1849 1932 1919 1987 et
1946 1927 2309 1999 clementie,
2334 1928 2445 1988 ubi
2474 1934 2573 1988 est
2602 1947 2734 1989 mo·

269 2026 630 2085 nasterium
671 2026 1064 2095 institutum,
1109 2024 1388 2085 decimas
1429 2024 1510 2085 de
1563 2029 1745 2085 curte
1784 2024 1866 2084 de
1905 2023 2169 2086 castello
2211 2024 2293 2085 de
2332 2024 2732 2098 Castellione,

270 2122 456 2199 quod
494 2123 624 2182 iam
663 2121 790 2182 fuit
829 2122 1060 2183 Uberti
1103 2121 1212 2200 qd.
1255 2120 1421 2183 Belli
1459 2140 1572 2200 per
1599 2120 1906 2183 beneficio
1932 2142 2015 2182 ex
2040 2126 2227 2200 parte
2266 2123 2416 2183 eccl.
2447 2142 2496 2183 s.
2536 2122 2736 2183 Mario

268 2219 512 2291 Volet„
557 2220 725 2301 med.
769 2219 850 2281 de
889 2224 1062 2280 sorte
1102 2240 1142 2280 a
1183 2218 1428 2281 Sastria
1467 2239 1666 2299 prope
1705 2219 1856 2281 eccl.
1899 2240 1952 2281 s.
1996 2218 2295 2299 cipriani,
2346 2240 2395 2281 r.
2440 2240 2555 2299 per
2594 2220 2729 2283 Ste-

137 2388 144 2395 ‚
267 2318 430 2379 fano
469 2318 516 2378 f.
547 2317 834 2390 Gerardi,
863 2324 930 2378 et
972 2318 1098 2379 alia
1139 2318 1248 2389 ibi,
1291 2338 1342 2379 r.
1385 2337 1501 2396 per
1537 2318 1629 2377 fili
1667 2316 1977 2391 Carboni,
2020 2319 2280 2397 insuper
2308 2324 2547 2379 sortem
2588 2339 2629 2379 a
2672 2318 2733 2379 la

266 2414 548 2487 Quercia
587 2434 786 2495 prope
823 2416 1296 2479 Monttecatini.
1339 2421 1654 2494 quat-tuor
1691 2417 1900 2493 petias
1926 2420 2092 2476 terre
2119 2417 2186 2475 in
2214 2416 2475 2488 Collina,
2507 2436 2638 2479 una
2668 2418 2731 2477 in

267 2514 416 2573 loco
457 2512 569 2573 ubi
602 2512 725 2573 dic.
755 2526 968 2592 ’prope
1007 2513 1068 2573 al
1113 2513 1314 2593 Pogio
1351 2512 1646 2584 Carboni,
1691 2512 1973 2573 secunda
2012 2531 2212 2592 prope
2266 2533 2306 2574 a
2347 2512 2729 2592 Sprunalbo,

265 2631 402 2690 qne
443 2612 574 2671 iam
601 2610 728 2671 fuit
754 2610 1018 2672 Gerardi
1045 2610 1092 2672 f.
1125 2610 1276 2672 Bosi
1303 2630 1384 2672 ex
1413 2616 1598 2689 parte
1623 2630 1674 2671 s.
1706 2610 1904 2671 Marie
1933 2610 2171 2683 Volot„
2197 2612 2391 2671 tertia
2415 2612 2475 2671 al
2505 2612 2726 2691 Pogi0,

264 2727 399 2786 que
439 2707 570 2767 iam
608 2707 739 2768 fuit
776 2706 1096 2768 Dominici
1137 2707 1370 2787 presb„
1413 2712 1650 2786 quarta
1691 2727 1730 2768 a
1771 2707 1945 2769 Colle
1984 2706 2260 2769 Baronci
2304 2728 2501 2787 prope
2530 2709 2727 2770 fluvio

263 2804 350 2865 de
415 2804 660 2877 Raone,
723 2824 787 2883 q.
849 2804 976 2865 fuit.
1018 2803 1360 2883 Signoricti
1417 2804 1464 2865 f.
1507 2804 1776 2865 Cur-radi
1817 2824 1896 2865 ex
1950 2810 2137 2884 parte
2178 2824 2226 2864 8.
2269 2805 2471 2866 Mario
2512 2806 2731 2869 Volot.

263 2900 514 2963 chv
517 2900 680 2975 1111,
727 2901 831 2963 III
871 2901 998 2962 kal.
1041 2903 1272 2980 agusti,
1317 2900 1450 2963 ind.
1491 2902 1638 2963 XV.
1723 2902 1953 2963 Petrus
1992 2922 2093 2981 ep.
2136 2902 2335 2981 Hugo
2382 2903 2725 2965 archidiac.

263 2998 480 3059 Gotzo
517 2999 781 3060 clericus
808 3007 874 3059 et
902 3000 1278 3061 vicecustos.
1321 2999 1489 3060 Vido
1517 2999 1902 3077 archipresb.
1939 3018 2020 3059 ss.
2102 2998 2417 3079 Rogerius
2452 3020 2551 3080 ep.
2582 3000 2723 3063 Cre-

261 3098 551 3158 scentius
591 3116 690 3176 ep.
735 3096 1102 3157 Aldimarus
1129 3116 1228 3175 ep.
1259 3116 1340 3157 ss.

597 3194 756 3256 Vozt.
789 3194 1098 3256 AMunic.
1129 3194 1389 3271 (Radia)
1416 3194 1586 3272 Oriq.
1671 3195 1790 3257 Ed.
1822 3193 2079 3257 Gimhi¹
2112 3196 2331 3257 1331.
2359 3196 2539 3257 ’4.46
2617 3218 2627 3233 ·

266 3349 406 3409 138.
1982 3346 2187 3419 .,Rom
2230 3348 2310 3409 24
2350 3348 2500 3409 Mai
2539 3350 2720 3413 1103.

385 3444 770 3506 Paskalis
824 3444 908 3505 11
962 3445 1110 3505 eccl.
1147 3444 1656 3519 Voliterrensem,
1703 3450 1963 3525 petente
2006 3445 2280 3525 Rogerio
2320 3466 2441 3526 ep.
2474 3467 2723 3527 perma-

259 3563 413 3605 nere
455 3544 524 3605 in
563 3544 958 3622 possessione
998 3542 1217 3621 oppidi
1271 3542 1492 3604 Sancti
1547 3542 1909 3604 Geminiani
1951 3544 2151 3605 iubet.
2204 3544 2517 3624 Rogerius
2572 3545 2720 3605 sub·

259 3641 508 3703 ⁸⁰nb¹t'
595 3738 754 3799 Vozt.
787 3738 1029 3799 AVao.
1057 3758 1110 3799 ε.
1153 3736 1302 3798 XII
1341 3738 1467 3799 «ιω.
1510 3739 1548 3799 1
1591 3759 1651 3799 n.
1700 3738 1736 3799 ⁷
1774 3739 1947 3817 Orio·
1992 3738 2174 3801 liber
2213 3741 2452 3801 ‘'W‘'“m
2493 3741 2575 3803 13
2614 3743 2716 3804 ⁶²²·

584 3836 744 3897 Edd.
770 3837 1118 3897 Ammirato
1145 3835 1225 3897 89
1249 3860 1318 3893 z
1344 3836 1551 3915 Goppi
1578 3838 1674 3897 13.
1713 3836 1772 3899 U
1775 3837 1969 3915 qhelli
1987 3839 2006 3870 ⁸
2024 3839 2063 3898 I
2084 3837 2263 3899 1438.
2289 3838 2515 3900 Mami
2532 3841 2552 3873 ²
2581 3840 2717 3900 XX

583 3934 762 3996 1051.
803 3934 1382 4011 Pfluyk·Harttun9
1425 3934 1582 3996 Acta
1623 3935 1703 3996 II
1739 3935 1861 3996 179
1899 3955 1963 3996 n.
2007 3937 2146 3998 217.
2190 3936 2341 4015 Req.
2384 3935 2434 3996 J
2437 3937 2509 3997 L.
2557 3937 2719 3999 5946

583 4034 772 4111 verql.
817 4032 998 4095 6426.

261 4194 398 4254 139.
1011 4192 1224 4255 Vama
1266 4190 1361 4253 bei
1403 4192 1729 4255 Gambaoei
1771 4195 1860 4253 im
1900 4194 2169 4267 Eleatal,
2215 4193 2255 4253 5
2298 4194 2491 4272 April
2531 4196 2711 4257 1104.

382 4291 588 4353 Breve
612 4288 696 4352 ad
717 4292 1087 4353 memoriam
1112 4290 1360 4351 factum
1381 4312 1421 4351 a
1441 4290 1657 4351 Varna
1681 4293 1745 4352 in
1760 4311 1924 4369 pres.
1943 4290 2223 4351 Gerardo
2244 4291 2290 4351 f.
2308 4292 2454 4371 Ugi,
2474 4294 2712 4373 Enrigo

252 4388 300 4448 f.
331 4388 589 4460 villani,
621 4386 768 4467 Ugo
801 4386 846 4447 f.
881 4387 1074 4459 Petri,
1104 4387 1294 4448 Actio
1334 4386 1380 4447 f.
1424 4386 1752 4461 huberti,
1795 4389 1954 4449 aliis.
2032 4388 2093 4449 U
2106 4408 2201 4469 go
2244 4396 2309 4449 et
2350 4388 2637 4451 Luteri
2664 4392 2715 4468 ¹)

403 4584 446 4648 ¹)
479 4584 590 4635 Die
627 4584 810 4635 lemen
843 4584 1198 4647 Kadolt'noor,
1231 4585 1338 4647 vel.
1361 4584 1678 4637 David-soka
1718 4586 2017 4638 Guckichte
2040 4588 2075 4637 I
2101 4589 2204 4639 368
2242 4589 2300 4651 ᾔ.
2328 4586 2711 4651 Forat-hunam

253 4674 288 4725 Ι
325 4676 396 4727 83
431 4674 512 4737 ff..
551 4674 826 4725 bunnam
863 4676 946 4725 85.
1019 4674 1356 4737 Smmtosel
1377 4674 1588 4738 Repem‘
1621 4676 1702 4725 VI
1729 4677 1880 4740 App.
1907 4680 1978 4728 36
2018 4679 2144 4743 (von
2166 4677 2549 4729 Dav-'deonna
2570 4692 2621 4727 a.
2644 4678 2706 4726 0.

249 4762 522 4818 ωιΙινΙαοῙι
567 4763 884 4827 verbenam).
981 4762 1182 4813 Umere
1231 4763 1548 4815 David-:olm
1589 4764 1896 4815 unbekannt
1937 4765 2229 4827 pobliebeno
2274 4766 2531 4817 Urkunde
2573 4766 2713 4827 κίοι

470 4906 504 4954 4
