3817 5642
1213 558 1248 609 :3
1271 558 1333 607 10
1861 557 2029 611 REG
2041 558 2087 609 E
2094 556 2311 613 STL'M
2350 558 2509 613 VOL
2513 559 2903 612 ATERRAN
2918 561 2967 613 t
2974 561 3033 613 M

1215 772 1366 813 cim
1393 752 1724 829 (Ranerio)
1769 772 1870 831 ep.
1916 752 2092 814 Vult.
2150 753 2477 814 contraxit
2504 756 2549 831 ¹)
2612 755 2965 816 secundum
3020 756 3335 834 scriptum
3388 755 3661 816 Iacobini

1216 850 1605 911 Bonaccursi
1643 856 1780 912 not.
1891 850 2219 911 Toresano
2260 852 2573 912 Cavaccia
2612 870 2929 913 assessore
2970 860 3125 931 pot„
3162 852 3515 931 Bonfiglolo
3542 853 3659 911 Ru-

1216 946 1410 1007 stiohi
1449 966 1724 1027 precone
1765 948 2079 1019 comunis,
2120 948 2259 1007 aliis
2302 954 2379 1007 tt.
2512 946 2919 1027 Bonsegnore
2974 948 3210 1009 Gueczi
3270 949 3659 1010 consiliorum

1220 1044 1510 1105 comunis
1549 1044 1778 1105 scriba.

1551 1141 1706 1201 νοιι.
1752 1141 1995 1204 AVaec.
2038 1160 2089 1201 ε.
2134 1141 2324 1202 xm
2362 1142 2483 1203 aec.
2530 1142 2571 1203 9
2611 1164 2673 1203 n.
2718 1144 2801 1203 29
2828 1144 3001 1221 (my.
3030 1144 3215 1204 Liber
3244 1145 3481 1204 curcum
3510 1144 3661 1203 θεῖε.
3744 1166 3746 1225 2

1225 1355 1364 1413 918.
2745 1356 3040 1429 Volterra,
3085 1356 3167 1417 23
3204 1356 3463 1415 «Ianuar
3502 1354 3661 1414 1285.
3744 1288 3746 1393 l

1343 1450 1542 1512 MCC!
1547 1451 1935 1525 XXXIIIL
1980 1453 2109 1515 ind.
2157 1453 2351 1525 XIII,
2398 1452 2637 1514 XXIII
2680 1454 3341 1515 ian.Ra1ner1us
3383 1473 3478 1531 ep.
3504 1452 3661 1511 Vult
3745 1442 3746 1455 ¹

1223 1570 1321 1609 cr
1305 1550 1466 1609 avit
1509 1548 2021 1612 Bonafidanzam
2064 1550 2411 1630 plebanum
2454 1552 2535 1611 de
2576 1550 2849 1611 Fabrica
2876 1571 3015 1611 can.
3047 1550 3223 1611 Vult.
3252 1551 3569 1611 sindicum
3594 1549 3667 1607 ad

1223 1646 1760 1709 introducendum
1801 1646 2247 1709 Florentinum
2288 1648 2651 1709 sindicum'
2636 1670 2699 1709 in
2730 1654 3025 1709 tenutam
3056 1654 3395 1719 terrarum,
3425 1648 3503 1707 de
3544 1648 3665 1725 qui-

1229 1742 1346 1803 bus
1387 1749 1758 1805 contractus
1799 1754 1955 1806 sunt
1994 1745 2217 1824 scripti
2250 1766 2361 1823 per
2389 1746 2699 1807 Iacobum
2728 1754 2862 1807 not.
2896 1746 3383 1824 infrascriptum
3412 1754 3477 1806 et·
3503 1747 3665 1806 Iaco-

1226 1841 1450 1905 binum
1491 1848 1626 1903 not.
1669 1843 1776 1921 qd.
1823 1842 2173 1904 Bonacursi
2215 1844 2295 1903 de
2337 1844 2501 1906 Flor.
2586 1845 2729 1905 Act.
2773 1845 2949 1906 Vult.
2994 1847 3061 1905 in
3101 1844 3349 1923 palatio
3390 1864 3482 1923 ep.
3566 1843 3665 1903 Ca-

1227 1940 1482 2001 roccino
1521 1942 1848 2017 preposito
1887 1940 2207 2001 Casulano
2242 1946 2311 2001 et
2338 1939 2711 2002 Primerano
2740 1941 3015 2019 plebano
3042 1942 3125 2001 de
3154 1941 3669 2019 Ripamarrancia
3744 1950 3746 1987 1

1231 2044 1308 2095 tt.
1391 2037 1667 2099 Iacobus
1707 2036 1812 2115 qd.
1858 2035 2102 2097 Posche
2142 2038 2225 2097 de
2267 2038 2509 2099 Sancto
2550 2037 2931 2099 Geminiano
2972 2038 3164 2099 iudex
3205 2044 3277 2099 et
3316 2044 3451 2099 not.

1556 2134 1711 2195 Volt.
1759 2135 1979 2196 AVeeo
2044 2156 2091 2195 ε.
2138 2134 2325 2195 XIII
2365 2136 2491 2197 dec.
2538 2136 2577 2195 9
2618 2156 2681 2195 n.
2724 2136 2807 2197 32
2834 2136 3007 2213 Oriq.
3040 2136 3221 2195 Liber
3249 2136 3487 2195 iuriam
3515 2135 3553 2193 8
3580 2136 3667 2193 cit.

1229 2330 1368 2389 919.
2419 2332 2492 2389 M
2494 2350 2641 2393 acea
2684 2332 3063 2403 Mar-inimo,
3094 2330 3175 2391 26
3200 2330 3478 2391 Febr-nar
3503 2329 3667 2389 1:285.

1349 2426 1652 2487 Albcrlus
1692 2448 1830 2488 can.
1875 2428 2083 2498 Mass,
2128 2450 2319 2508 super
2358 2448 2555 2490 causa
2594 2429 3041 2508 appellationis
3083 2429 3361 2489 Laudini
3407 2428 3449 2489 f.
3494 2428 3669 2488 lunt-e

1229 2524 1313 2583 de
1351 2523 1624 2585 Casallia
1672 2524 1840 2585 Vult.
1883 2526 2046 2585 dioc.
2092 2526 2523 2604 procuratoris
2563 2525 2907 2585 Ranerii
2946 2545 3043 2604 ep.
3082 2524 3257 2586 Vult.
3302 2532 3525 2585 contra
3566 2523 3669 2581 Gr*-
3745 2506 3746 2519 ¹

1229 2620 1558 2681 rardinum
1603 2620 1963 2681 Guidalotti
2006 2628 2075 2682 et
2116 2624 2318 2683 socios
2362 2626 2533 2683 cives
2575 2622 2979 2684 Florentinos
3026 2644 3107 2684 ex
3156 2624 3469 2683 mandat-o
3522 2621 3671 2681 Mat-

1231 2716 1355 2779 tini
1393 2717 1487 2779 IV
1511 2718 1560 2793 ³)
1602 2718 1795 2779 iudex
1839 2720 2189 2796 delegatus,
2234 2722 2385 2799 quia
2429 2721 2586 2779 dicti
2615 2720 2969 2780 Florentini
2996 2724 3413 2779 contumaces
3438 2719 3517 2779 ad
3558 2725 3671 2777 tres

1233 2818 1538 2877 terminos
1560 2836 1690 2877 non
1715 2824 2230 2895 comparuerunt,
2248 2816 2421 2878 decla
2432 2838 2646 2878 ramus
2669 2816 3163 2897 appellationem
3186 2817 3267 2878 de
3292 2819 3427 2877 iure
3444 2816 3669 2876 factam

1233 2919 1304 2974 et
1345 2914 1560 2975 omnia
1602 2920 1749 2991 pest
1789 2922 1856 2973 et
1899 2920 2127 2975 contra
2166 2934 2245 2975 ea.
2284 2914 2460 2975 facta
2500 2916 2685 2975 irrita
2722 2934 2876 2981 esse,
2920 2915 3219 2993 precipue
3260 2913 3437 2974 facta
3464 2920 3669 2973 contra

1232 3032 1330 3091 ep.
1373 3018 1440 3071 et
1481 3011 1915 3072 Octavianum
1958 3013 2309 3091 plebanum
2350 3032 2397 3073 s,
2440 3012 2641 3073 Marie
2681 3012 2945 3075 novelle.
3030 3012 3203 3073 Lata
3240 3012 3448 3073 Mass-e
3480 3015 3545 3072 in
3584 3030 3668 3070 ca·

1235 3108 1462 3169 nonina
1505 3110 1766 3169 maioris
1792 3109 1941 3169 evei.
2028 3109 2241 3170 Presb.
2274 3109 2533 3171 Andrea
2586 3116 2657 3171 et
2710 3108 2917 3189 presb.
2963 3110 3293 3188 Anghiaro
3348 3107 3672 3187 capenanis

1233 3206 1518 3267 eiusdem
1559 3206 2293 3269 eccl.Presb.Rane1-io
2334 3214 2577 3269 rectore
2604 3208 2753 3269 eccl.
2790 3228 2838 3269 s.
2870 3207 3197 3268 Michaelis
3226 3207 3308 3266 de
3340 3208 3669 3283 Vallaspra.

1236 3302 1445 3364 Bindo
1484 3304 1696 3365 iudice
1736 3304 1818 3363 de
1859 3304 2140 3365 Todinis.
2187 3304 2401 3365 Bindo
2454 3306 2681 3367 clerico
2738 3311 2813 3365 tt.
2918 3304 3507 3371 MCCLXXXHII,
3556 3300 3669 3361 ind.

1237 3400 1430 3475 XIII,
1471 3401 1576 3462 die
1619 3402 1765 3461 lune
1810 3402 2039 3463 XXVI
2082 3402 2205 3463 feb.

1563 3500 1722 3561 Vola.
1770 3500 2009 3562 AVesc.
2054 3520 2104 3559 ε.
2151 3500 2341 3562 XIII
2380 3502 2507 3561 dec.
2554 3502 2591 3561 9
2634 3522 2695 3559 n.
2740 3502 2821 3561 33
2862 3502 3035 3577 Oriq.

1237 3688 1376 3747 920.
2738 3686 3029 3759 Volso-ra,
3072 3688 3153 3747 27
3192 3686 3472 3745 Febr-nar
3510 3682 3676 3744 1285.

1357 3784 1568 3845 Domo
1607 3784 1672 3843 in
1717 3784 2076 3846 Gambasso
2102 3784 2277 3846 Vult.
2322 3784 2483 3845 dioc.
2514 3789 2739 3864 empta
2764 3784 3063 3864 precibus
3089 3784 3347 3845 Rustici
3373 3781 3481 3861 qd.
3508 3782 3677 3843 Com-

1238 3883 1430 3961 pagni
1471 3881 1552 3941 de
1595 3882 1953 3943 Gambasso
1992 3883 2251 3943 nomine
2294 3884 2583 3943 comunis
2625 3882 3037 3943 Ranerius
3084 3902 3185 3961 ep.
3228 3880 3411 3941 Vult.
3452 3880 3543 3941 ibi
3580 3880 3677 3937 ho·

1235 3979 1466 4057 spitale
1509 3998 1866 4058 pauperum
1909 3981 2287 4048 construxit,
2320 3984 2385 4039 et
2421 3979 2819 4040 Mentuccius
2860 3986 3069 4039 rector
3108 3980 3247 4039 eius
3288 3978 3585 4055 episcopo
3616 3974 3675 4033 li·

1237 4077 1392 4137 bera
1434 4076 1774 4137 voluntate
1815 4074 2043 4134 libram
2088 4096 2227 4135 cere
2270 4076 2611 4137 annuatim
2652 4076 2721 4136 in
2760 4074 2905 4135 fest.
2950 4096 2995 4136 s,
3041 4074 3241 4137 Mario
3294 4074 3375 4134 de
3415 4078 3677 4153 augusto

1237 4174 1546 4252 promisit.
1628 4173 1771 4233 Act.
1821 4172 1991 4233 Vult..
2037 4171 2105 4233 in
2146 4194 2243 4251 cp.
2290 4172 2551 4250 palatio.
2636 4174 2982 4234 Caroccino
3022 4170 3351 4251 preposito
3378 4170 3676 4231 casulano

1236 4278 1306 4331 et
1345 4270 1716 4332 Primerano
1759 4270 2035 4349 plebano
2076 4270 2155 4329 de
2200 4270 2731 4348 Ripamarrancia
2764 4274 2843 4331 tt.
2928 4266 3521 4336 MCCLXXXIIII,
3566 4262 3671 4324 ind.

1237 4367 1429 4439 XIII,
1473 4368 1736 4428 XXVII
1781 4368 1905 4427 feb.
1997 4367 2267 4427 Iacobus
2309 4368 2415 4446 qd.
2462 4366 2653 4445 Lippi
2708 4366 2787 4427 de
2842 4368 3082 4429 Sancto
3137 4364 3519 4426 Geminiano
3562 4369 3669 4423 not.

1565 4466 1724 4526 Volt.
1775 4466 1826 4523 A
1845 4464 2010 4525 Vesc.
2056 4484 2105 4523 8.
2152 4465 2341 4525 XIII
2382 4464 2505 4525 dec.
2550 4466 2591 4525 9
2630 4486 2692 4525 n.
2738 4465 2819 4525 34
2860 4464 3033 4541 Oriq.

1385 4770 1426 4832 ¹)
1463 4770 1619 4818 Siehe
1658 4770 1744 4817 die
1785 4769 2197 4831 vorkerqehende
2236 4770 2515 4819 Nummer.
2665 4770 2709 4833 ²¹)
2750 4768 3021 4825 [mer-iere,
3058 4766 3201 4815 aiche
3240 4780 3295 4814 n.
3338 4766 3457 4813 915.
3744 4674 3746 4783 Ι
