3817 5642
853 595 1351 695 --ΒΕΕΕὸΤΠΜ
1387 595 2072 650 VOLATERRANUM
2611 597 2721 651 195

256 793 533 870 signano
575 797 673 853 est
712 792 997 869 episcopi
1035 792 1237 866 Vult„
1266 796 1343 851 ut
1372 749 1783 852 continetur
1765 811 1833 852 in
1858 791 2207 872 privilegiis
2235 812 2424 873 pape,
2451 799 2522 856 et
2545 794 2722 873 quod

255 888 317 948 b.
366 907 455 950 m.
498 908 596 968 cp.
642 887 1121 966 Ild(ebrandus)
1165 889 1406 966 recepit
1432 889 1689 950 fodrum
1718 889 1801 950 de
1826 895 2046 951 castro
2083 897 2152 951 et
2176 890 2272 952 ibi
2300 891 2522 970 posuit
2551 911 2720 972 pro·

254 985 543 1048 biterum
584 988 655 1048 in
692 985 843 1047 eccl.
886 985 1083 1048 castri
1124 1006 1163 1045 a
1204 984 1399 1047 XXV
1442 985 1625 1048 ann‘n
1652 985 1843 1060 circa,
1870 990 1944 1047 et
1969 986 2320 1066 Pag(anus)
2363 1007 2463 1068 ep.
2505 989 2722 1068 posuit

253 1084 471 1162 presb.
516 1081 953 1156 sinibaldum
996 1083 1271 1144 duorum
1305 1079 1587 1145 fontium
1611 1083 1681 1146 in
1708 1088 1923 1145 strata
1945 1083 2208 1162 publica
2231 1103 2434 1165 prope
2459 1086 2722 1166 Bulgsri

252 1199 391 1240 una
430 1199 633 1259 prope
673 1179 911 1241 Biboni
949 1198 1067 1258 pro
1106 1181 1481 1258 episcopatu
1511 1176 1712 1252 Vult„
1744 1180 1948 1242 altera
1973 1201 2091 1261 pro
2117 1181 2418 1245 Massam
2442 1183 2568 1245 sibi
2585 1203 2722 1246 ese

256 1279 541 1352 videtur;
572 1285 861 1356 tempore
886 1276 1331 1340 translationis
1354 1279 1727 1340 monasterii
1754 1278 1835 1339 de
1862 1277 2282 1342 Monteverde
2311 1279 2444 1341 fuit
2467 1281 2560 1343 ibi
2583 1283 2720 1344 Ma·

252 1376 451 1437 theus
490 1395 635 1436 can.
678 1373 853 1437 Vult.
880 1378 948 1452 ¹).

588 1472 747 1534 Volt.
794 1471 1035 1534 AVeec.
1079 1472 1235 1533 ohne
1276 1471 1585 1549 Siquidm
1624 1473 1799 1551 Θήρ.
1848 1475 2173 1552 (Minuie).
2257 1475 2442 1536 Liber
2478 1477 2717 1538 inuium

582 1571 659 1631 51
666 1570 680 1589 '
720 1571 817 1630 cit.

253 1767 401 1826 576.
2297 1770 2715 1847 (1212-1239).

382 1863 765 1942 Paganus
803 1883 905 1942 ep.
947 1860 1123 1924 Vult.
1170 1863 1489 1935 omnibus,
1532 1865 1649 1944 qui
1686 1867 1753 1926 in
1792 1864 1963 1926 festo
2003 1868 2465 1946 assumpcionis
2503 1887 2555 1928 s.
2579 1867 2718 1930 vir-

248 1961 427 2038 ginis
464 1959 702 2021 devote
740 1961 1139 2034 accesserint,
1187 1961 1309 2022 XL
1348 1960 1487 2022 dies
1524 1961 1952 2024 criminalium
2005 1967 2080 2024 et
2121 1967 2428 2043 quartam
2463 1971 2717 2044 partem

250 2055 609 2118 venialium
638 2057 1021 2130 relaxamus,
1056 2057 1449 2121 addicientes
1476 2059 1543 2120 X
1570 2059 1707 2120 dies
1732 2059 2134 2139 indulgentie
2157 2059 2283 2121 illis
2309 2059 2444 2122 XX
2469 2062 2715 2144 diebus,

251 2171 423 2232 quos
450 2153 624 2214 card.
670 2153 1031 2243 Pandulfus
1050 2156 1097 2231 ⁸)
1140 2155 1457 2216 relaxavit
1500 2155 1996 2217 advenientibus
2036 2158 2104 2218 in
2144 2156 2314 2218 festo
2349 2159 2718 2220 nativitatis

250 2258 321 2312 et
362 2271 415 2311 s.
462 2251 799 2329 Ugonis⁸).

590 2350 752 2411 Vols.
787 2350 1003 2428 AOap.
1052 2371 1114 2410 n.
1158 2351 1279 2412 193
1320 2350 1495 2429 Oriq.
1542 2351 1779 2414 AVeso.
1822 2353 1994 2431 App.
2041 2373 2094 2414 8.
2138 2353 2328 2415 XIII
2367 2356 2526 2434 Paq.
2568 2375 2634 2418 n.
2677 2357 2714 2416 1

251 2449 431 2525 Θήρ.
482 2448 701 2523 (dieses
744 2449 855 2508 mit
895 2447 1157 2524 Paqons
1196 2448 1579 2525 hciuqendem
1627 2449 2080 2529 Wackesieqel).

252 2646 393 2708 577.
2293 2648 2714 2724 (1212-1239).

376 2743 757 2820 Paganus
798 2759 895 2819 ep.
927 2740 1100 2801 Vult.
1132 2739 1373 2804 clericis
1400 2749 1467 2803 et
1494 2742 1670 2804 laicis
1696 2762 1811 2822 per
1838 2745 2284 2826 episcopatum
2323 2747 2714 2807 constitutis.

252 2843 417 2904 cum
450 2837 676 2899 tabula
706 2843 1009 2916 argentea
1036 2837 1121 2898 ad
1152 2839 1455 2900 honorem
1484 2841 1608 2901 Dei
1628 2847 1761 2902 ets.
1788 2841 2068 2920 Virginis
2087 2841 2432 2923 completa,
2453 2843 2564 2906 sed
2586 2865 2716 2908 non

248 2937 491 3011 soluta,
514 2937 713 2996 immo
734 2955 774 2995 a
804 2935 1192 3016 quibusdam
1222 2937 1592 2998 detineatur
1618 2939 1685 3000 in
1712 2940 1978 3019 pignore
2005 2940 2311 3020 obligata,
2342 2943 2716 3005 nuntiamus

248 3056 369 3098 nos
412 3033 715 3096 omnibns
756 3053 872 3112 pro
901 3036 1033 3094 eius
1068 3036 1553 3114 recuperatione
1574 3035 1960 3116 elymosinas
1989 3037 2406 3101 offerentibus
2431 3039 2555 3102 XL
2578 3040 2716 3103 dies

248 3133 331 3192 de
372 3131 739 3210 penitentia
780 3130 1099 3203 relaxare;
1144 3131 1405 3210 insuper
1430 3132 1751 3205 omnibus,
1784 3137 1895 3212 qui
1925 3153 2054 3196 non
2081 3155 2161 3195 ex
2192 3141 2368 3209 voto,
2397 3135 2511 3198 sed
2537 3157 2714 3200 man·

249 3231 413 3291 dato
456 3234 761 3290 tenentur
802 3229 1025 3290 limina
1062 3247 1144 3289 ss.
1188 3229 1365 3290 Petri
1405 3235 1477 3290 et
1515 3230 1719 3304 Pauli,
1763 3231 2003 3304 Iacchi,
2064 3232 2390 3296 Michaelis
2432 3235 2711 3310 visitare,

249 3329 299 3389 si
330 3326 497 3405 quid
524 3327 817 3399 offerant,
862 3326 1225 3388 iniunctum
1259 3327 1383 3387 iter
1409 3327 1861 3390 condonamus.
1892 3329 2138 3391 Littere
2165 3331 2444 3404 valeant,
2481 3351 2713 3411 quous-

247 3444 377 3504 que
420 3423 715 3485 debitum
756 3425 859 3486 CC·
896 3422 1005 3484 lib.
1053 3425 1179 3485 Pis.
1222 3443 1371 3486 nov.
1413 3426 1573 3504 nigr.
1615 3425 1898 3504 plenarie
1937 3429 2025 3490 sit
2063 3428 2365 3490 solutum.

586 3519 723 3580 Volt
750 3520 971 3598 AGap.
1000 3521 1205 3581 n.194
1232 3521 1405 3598 Orio.
1438 3522 1655 3598 (Fon-m
1680 3523 1789 3584 der
1811 3525 2198 3601 ρᾶφείῑὶοῆεη
2235 3526 2488 3601 litterae,
2509 3527 2716 3605 Sieqel

575 3617 869 3690 veo-loren,
912 3617 1365 3695 Hansschnur).

248 3813 393 3872 578.
1226 3829 1231 3834 ⁴
1798 3815 1982 3888 Colle,
2026 3818 2108 3878 25
2146 3820 2492 3896 September
2530 3821 2710 3882 1239.

371 3908 975 3982 MOCXXXVIIII,
1000 3909 1126 3970 VII
1149 3911 1272 3973 kal.
1292 3919 1440 3984 oct„
1458 3913 1588 3972 ind.
1616 3913 1809 3974 XIII.
1879 3915 2316 3995 Teglarius
2343 3917 2713 3981 Ildebrandi

248 4006 549 4068 Adimari
616 4013 999 4084 potestas
1067 4007 1355 4080 Collis,
1428 4010 1787 4084 consiliarii,
1855 4011 2110 4074 adiunti
2169 4020 2306 4076 tam
2375 4015 2713 4096 populares

246 4122 451 4183 quam
492 4101 738 4163 nobiles
781 4101 1098 4164 dederunt
1140 4077 1463 4166 licentiam
1508 4109 1823 4185 potestati
1862 4114 1934 4170 et
1965 4112 2224 4171 comuni
2251 4109 2481 4174 Sancti
2501 4112 2710 4174 Gemi-

244 4201 431 4261 niani
458 4197 738 4260 faciendi
774 4201 1150 4262 societatem
1189 4222 1337 4264 cum
1382 4206 1640 4265 comuni
1667 4205 1749 4266 de
1776 4207 2020 4268 Casulis
2049 4209 2399 4270 secundum
2436 4212 2710 4273 formam

246 4299 583 4369 insertam,
626 4297 805 4358 salva
848 4299 1159 4360 societate
1214 4301 1455 4380 scripta
1510 4321 1706 4364 manu
1750 4304 2068 4384 Pelagotti
2125 4309 2262 4367 not.
2314 4309 2394 4368 de
2435 4307 2604 4370 Colle
2643 4317 2713 4370 et

246 4395 533 4459 Maurini
574 4403 708 4456 not.
752 4397 835 4458 de
862 4395 1103 4457 Sancto
1130 4397 1513 4460 Geminiano
1542 4400 1710 4460 inter
1739 4403 2042 4462 comunis
2069 4405 2151 4464 de
2180 4405 2350 4468 Colle
2378 4412 2447 4467 et
2473 4406 2711 4469 Sancto

400 4617 439 4679 ¹)
487 4620 652 4668 Untcr
693 4621 1039 4670 Translation
1080 4622 1211 4671 wohl
1249 4625 1333 4672 die
1356 4625 1717 4688 Einsiihrunq
1742 4628 1831 4675 der
1856 4628 2296 4677 Cam-aldulenser
2332 4646 2396 4678 zu
2431 4633 2710 4691 verstehen,

251 4709 381 4757 iiber
418 4709 575 4757 deren
598 4707 891 4770 Zeitptmkt
918 4711 1018 4760 wir
1045 4712 1219 4760 nichae
1242 4715 1450 4762 wie-ren.
1492 4714 1743 4764 Mathem
1770 4718 1839 4764 ist
1872 4718 2006 4766 1179
2030 4717 2298 4766 nachweis·
2303 4719 2407 4768 ¹¹¹¹¹
2487 4720 2528 4781 ²³)
2555 4719 2709 4768 Siehe

246 4797 377 4843 o'nm
404 4811 457 4846 n.
490 4797 607 4846 243.
708 4796 749 4858 ὃ)
780 4797 1001 4858 Bia-chef
1027 4815 1129 4846 von
1164 4800 1416 4856 Vo'terrm
1445 4803 1707 4860 qeatorben
1748 4805 1778 4850 8
1815 4803 2121 4865 September
2169 4808 2314 4856 IIS'J.
