3817 5642
867 572 1032 626 REG
1043 571 1310 625 ESTUM
1349 572 2033 627 VOLATERRANUM
2576 574 2682 629 261

209 788 263 829 s.
297 768 502 829 Mar-ie
571 786 784 830 coram
812 773 1140 847 potestate
1181 773 1248 827 et
1288 768 1594 829 anzianis.
1679 767 1959 847 Rogerio
1986 768 2195 830 Rosso
2230 768 2311 829 dc
2342 748 2703 831 Adimaris.'

207 868 404 929 Gano
446 866 766 948 Calcagni.
811 866 1047 928 Gianni
1087 866 1166 927 de
1209 866 1450 928 Sancto
1489 867 1759 928 Miniate
1803 872 1882 927 tt.
1990 867 2399 931 Ricchebene
2460 868 2683 931 Salim-

209 966 368 1027 beni
409 965 606 1027 iudex
649 966 784 1029 ord.
828 971 899 1027 et
935 970 1073 1027 not.

542 1063 802 1127 Florenz
847 1062 997 1125 Ast.
1047 1062 1239 1140 (Vols.
1282 1084 1346 1125 n.
1392 1062 1537 1141 875)
1579 1062 1749 1141 Θήρ.

209 1258 360 1320 782.
1786 1256 2011 1329 Treui,
2055 1257 2094 1318 7
2133 1255 2459 1318 Dezember
2496 1255 2679 1317 1268.

337 1355 678 1417 Carolus
717 1373 856 1415 rex
897 1352 1184 1414 Sicilie
1214 1356 1532 1417 universis
1559 1374 1674 1433 per
1699 1354 2001 1417 Tusciam
2044 1354 2429 1417 constitutis.
2501 1353 2679 1415 Nun·

203 1456 342 1514 tiat
384 1472 452 1512 se
494 1451 850 1514 Iohannem
894 1450 1195 1512 Britaudi
1235 1472 1424 1514 suum
1464 1454 1533 1513 in
1560 1453 1792 1513 Tuscia
1821 1452 2133 1513 vicarium
2162 1454 2589 1513 constituisse.

535 1550 669 1611 San
715 1549 1097 1626 Gimiqmno
1139 1551 1370 1611 AGom.
1416 1552 1601 1613 Liber
1641 1552 1898 1613 blancus
1939 1549 2037 1611 81'
2078 1550 2233 1629 Gop.
2274 1570 2325 1611 s.
2355 1550 2543 1612 XIII
2586 1571 2673 1613 ex.

535 1648 682 1725 Req.
730 1646 1088 1709 Davidsohn
1129 1648 1572 1725 Forschunqcn
1614 1648 1692 1707 II
1733 1648 1857 1708 155
1895 1668 1957 1709 n.
2001 1647 2179 1709 1092.

205 1846 348 1907 783.
1739 1843 1963 1913 Trani,
2008 1844 2089 1905 16
2132 1844 2455 1905 Dezember
2492 1844 2672 1916 1268,

331 1942 678 2003 Carolus
723 1961 857 2003 rex
899 1942 1186 2003 Sicilie
1229 1941 1520 2021 publicat
1559 1941 1722 2003 duas
1765 1942 2069 2019 epistolas
2100 1941 2447 2003 Clementis
2486 1942 2583 2003 IV
2610 1946 2671 2019 ¹).

202 2026 449 2119 quibus
489 2041 702 2116 ipsum
744 2038 1053 2099 vicarium
1095 2039 1347 2116 imperii
1385 2039 1453 2099 in
1493 2039 1729 2100 Tuscia
1767 2040 2127 2099 constituit.

533 2136 670 2197 San
711 2136 1092 2212 Gimiqnano
1134 2136 1366 2196 ACom.
1411 2136 1596 2197 Liber
1633 2135 1890 2197 blancus
1932 2134 2028 2195 81'
2071 2135 2225 2215 Cop.
2270 2156 2317 2197 s.
2362 2134 2551 2195 XIII
2580 2156 2671 2197 ex.

531 2234 680 2311 Καρ.
723 2232 1087 2295 Davidsohn
1125 2233 1568 2311 Forschunqen
1609 2233 1647 2291 I
1652 2232 1689 2293 I
1729 2232 1851 2294 155
1889 2254 1952 2293 n.
1996 2232 2174 2295 1093.

203 2428 346 2488 784.
1785 2428 2069 2495 Florem,
2114 2428 2151 2487 1
2196 2427 2447 2505 Auqust
2486 2428 2671 2489 1269.

329 2524 562 2585 Coram
606 2524 1053 2584 Malateste
1093 2524 1189 2586 de
1232 2524 1690 2599 Verricu10‚
1725 2526 1967 2587 vicario
1994 2526 2217 2586 Karoli
2246 2525 2479 2605 Sycilie
2506 2526 2673 2604 regis

201 2624 272 2683 in
289 2621 604 2699 regimine
623 2620 810 2691 Flora,
827 2622 1131 2700 proponit
1149 2622 1509 2683 Renuecius
1527 2622 1636 2701 qd.
1655 2622 1981 2700 Paganelli
1998 2622 2077 2683 de
2092 2622 2331 2702 populo
2350 2642 2399 2683 s.
2418 2624 2671 2701 Georgii

197 2724 434 2778 sextu-‘3
477 2716 784 2787 Ultrarni,
828 2718 1004 2795 quod
1047 2718 1400 2797 Gioseppus
1443 2725 1718 2781 vocatus
1757 2717 2021 2797 Geppus
2085 2718 2132 2779 f.
2176 2718 2483 2780 Renuccii
2530 2738 2669 2779 mu-

201 2816 432 2876 tuavit
475 2816 732 2875 comuni
772 2815 946 2876 Vult.
991 2813 1101 2877 lib.
1147 2815 1313 2878 MCC
1366 2814 1513 2877 den.
1557 2816 1722 2877 Flor.
1779 2836 1961 2897 parv.
2006 2818 2073 2878 in
2114 2816 2259 2877 den.
2309 2818 2541 2895 grossis
2588 2819 2669 2879 de

199 2918 480 2991 argento
504 2914 549 2988 ’)
581 2910 770 2981 Flor„
795 2910 940 2982 Pis„
966 2913 1142 2975 Luc..
1173 2912 1338 2983 Seu„
1364 2914 1540 2975 Aret.
1573 2920 1850 2983 monete,
1883 2912 2021 2975 XII
2056 2913 2201 2974 den.
2233 2914 2671 2992 computando

199 3030 326 3089 pro
367 3029 604 3089 grosse,
637 3029 798 3089 quas
826 3008 1126 3081 sindicus·‚
1161 3018 1466 3089 potestas.
1500 3012 1840 3073 consiliarii
1869 3012 2205 3071 restituere
2238 3012 2671 3088 promiserunt

195 3110 294 3171 ad
337 3108 708 3180 terminum,
752 3110 866 3187 qui
906 3114 1007 3168 est
1046 3112 1332 3187 elapsum
1378 3110 1500 3169 sub
1539 3129 1712 3189 pena
1745 3110 1945 3187 dupli,
1992 3110 2308 3187 dampniS,
2350 3113 2665 3187 expensis.

199 3210 384 3269 Dum
429 3206 790 3267 Renuccius
831 3214 1078 3285 peteret
1119 3206 1434 3279 debitum,
1467 3208 1804 3267 consiliarii
1833 3207 2273 3277 firmaverunt,
2298 3207 2475 3285 quod
2500 3208 2669 3269 ratio

195 3304 472 3366 deberet
513 3302 768 3377 saldari3
798 3310 885 3387 et,
916 3306 970 3363 si
998 3304 1082 3365 ad
1125 3304 1366 3365 festum
1411 3323 1460 3364 s.
1495 3304 1690 3363 Marie
1719 3323 1865 3383 aug.
1898 3305 2245 3365 terminum
2274 3311 2663 3382 prorogaret,

194 3402 478 3463 haberet
518 3401 602 3463 de
639 3402 912 3478 pecunia
955 3404 1243 3461 comunis
1285 3400 1391 3461 lib.
1438 3401 1710 3470 LXVII,
1755 3401 1836 3462 de
1877 3400 2113 3481 quibus
2166 3400 2486 3461 solvendis
2527 3420 2665 3479 prc-

193 3509 469 3578 ceptum
509 3498 758 3560 factum
799 3498 926 3559 fuit
967 3501 1315 3561 camerario
1356 3500 1664 3559 comunis.
1729 3497 1890 3559 Cum
1947 3497 2237 3561 debitum
2296 3516 2666 3577 recuperare

194 3618 333 3661 non
379 3602 616 3675 posset,
661 3614 742 3656 ex
783 3602 966 3675 parte
1009 3598 1298 3659 comunis
1339 3598 1392 3657 F
1396 3597 1506 3657 lor.
1551 3597 1706 3658 fecit
1747 3599 1983 3679 requiri
2024 3616 2295 3657 comune
2337 3597 2532 3668 Vult..
2588 3605 2666 3658 ut

197 3694 628 3757 satisfaceret.
673 3692 832 3753 Cum
874 3694 1042 3755 infra
1084 3714 1364 3757 mensem
1407 3716 1539 3756 non
1579 3695 1776 3755 fuerit
1816 3694 2245 3765 satisfactum,
2302 3696 2471 3771 petit
2516 3714 2662 3755 con·

191 3794 343 3856 cedi
389 3790 510 3852 sibi
554 3789 876 3853 licentiam
933 3792 1436 3872 reprehendendi
1495 3795 1562 3853 in
1626 3792 1730 3853 lib.
1779 3790 2389 3865 MMCOCCLXVII,
2434 3794 2665 3853 merito

195 3910 394 3953 curso
433 3896 502 3949 et
543 3909 805 3951 cursuro
845 3889 928 3951 ad
972 3893 1287 3953 rationem
1329 3890 1474 3951 den.
1519 3889 1627 3951 III
1688 3909 1802 3969 per
1862 3910 2143 3953 mensem
2208 3894 2276 3951 et
2338 3890 2444 3949 lib.
2488 3897 2555 3951 et
2598 3892 2663 3953 in

191 3988 518 4069 expensis,
563 3986 850 4048 Vicarius
895 3987 1031 4049 viso
1073 3991 1371 4067 precipue
1413 3989 1606 4049 tertio
1648 4008 1758 4047 seu
1803 3989 2036 4049 ultimo
2089 3988 2373 4067 capitulo
2430 3990 2661 4049 consti-

195 4090 356 4160 tuti,
405 4086 566 4146 tales
609 4086 898 4147 licentias
938 4086 1165 4147 debere
1208 4086 1469 4147 concedi
1510 4092 1738 4147 contra
1767 4088 2067 4147 comunia
2092 4087 2172 4147 de
2199 4086 2449 4157 Tuscia,
2482 4086 2663 4147 dedit

195 4184 535 4247 licentiam
594 4204 711 4261 pro
773 4182 878 4244 lib.
925 4183 1328 4245 MMMCOCO
1391 4184 1527 4243 flor.
1573 4204 1754 4261 parv.
1799 4184 1864 4244 in
1930 4184 2168 4247 florinis
2230 4186 2461 4263 grossis
2502 4204 2659 4263 arg„

191 4300 422 4363 grosso
463 4300 579 4359 pro
624 4281 757 4342 XII
799 4283 1018 4359 parvis
1058 4282 1516 4359 computande,
1561 4286 1699 4343 tam
1742 4300 1858 4361 pro
1901 4287 2073 4342 sorte
2116 4300 2311 4361 quam
2359 4282 2661 4341 accessio-

189 4382 412 4451 nibuS,
441 4380 684 4449 merim,
701 4380 1015 4457 expensis.
1087 4380 1286 4441 Facti
1309 4382 1374 4439 in
1399 4380 1641 4457 palatio
1664 4381 1955 4441 comunis
1972 4379 2140 4441 Flor.
2212 4378 2657 4453 MCCLVIIII,

347 4607 392 4671 ι)
437 4604 572 4653 Vom
610 4608 674 4655 Ν
713 4605 880 4667 April
917 4606 1070 4663 1260,
1110 4606 1370 4662 inser-tert,
1410 4604 1552 4653 siche
1589 4604 1721 4653 obe-n
1759 4620 1809 4653 n.
1857 4606 1955 4651 7η
1997 4604 2107 4651 und
2162 4606 2276 4652 779.
2426 4603 2470 4666 2)
2514 4590 2659 4651 Uber

189 4699 301 4747 den
351 4694 492 4742 ll'ert
527 4694 620 4743 der
658 4694 908 4742 ‘denarii
944 4694 1116 4755 grossi
1140 4692 1150 4710 '
1193 4692 1480 4753 ver-syleichc
1508 4692 1749 4740 Schaube
1789 4690 2329 4752 Handelsqeschichtc
2360 4690 2451 4738 der
2488 4704 2661 4739 roma-

191 4784 425 4835 rii-§chen
469 4782 659 4831 Volker
703 4784 816 4832 116.
857 4783 974 4831 813.
