3817 5642
1061 528 1136 577 96
1713 524 2096 579 REGESTU
2097 524 2159 577 M
2198 524 2359 579 VOL
2364 524 2759 579 ATERRAN
2764 526 2887 579 L’M

1170 618 1251 623 —
1290 618 1305 623 -
1424 618 1707 627 --o-——ae—
1842 618 2132 623 -——-—--·———
2241 618 2278 623 —
2329 618 2366 623 —
2473 618 2632 623 ——-——-
2684 622 2774 627 -——
2883 622 3448 629 ——-———--—————

1065 721 1358 783 brandini
1401 720 1796 792 Gonfalonis,
1843 722 1985 782 aliis
2026 728 2103 783 tt.
2192 722 2511 801 Rugerius
2552 722 2659 801 qd.
2699 722 2957 783 Viviani
2996 724 3393 787 consiliarius
3447 726 3535 787 de

1061 818 1232 880 Colle
1273 821 1612 880 consensit.
1697 818 1989 879 Andreas
2032 818 2287 897 Heri-igi
2328 822 2481 899 imp.
2526 828 2659 881 not.

1383 916 1644 977 Florem
1685 916 1834 977 Ast.
1871 916 2063 992 (Colle
2105 917 2267 977 1206
2308 918 2347 977 Ι
2390 918 2495 991 10)
2538 918 2710 995 Oriq.
2800 918 2975 979 Colle
3017 919 3247 979 AOom.
3281 920 3533 981 lnatrn·

1383 1015 1684 1075 memorio
1725 1014 1763 1073 I
1805 1014 1886 1075 15
1928 1014 2080 1091 Cop.
2124 1033 2173 1075 ε.
2220 1013 2409 1074 XIII
2452 1016 2605 1081 med.

1059 1158 1201 1217 280.
2060 1157 2197 1217 San
2240 1157 2643 1235 Gimiqnmw,
2684 1158 2769 1219 10
2793 1158 2927 1221 und
2952 1159 3033 1220 12
3058 1159 3315 1220 Januar
3340 1161 3525 1221 1207.

1179 1252 1458 1325 MccVI,
1505 1252 1648 1314 1111
1691 1252 1772 1315 id.
1821 1255 1969 1325 ian..
2013 1254 2143 1315 ind.
2192 1254 2272 1315 X
2360 1254 2635 1315 Iacobus
2676 1256 2782 1335 qd.
2816 1254 3119 1317 Asseduti
3146 1257 3369 1318 consul
3412 1278 3529 1337 op-

1061 1350 1192 1429 pidi
1235 1349 1316 1411 de
1359 1350 1666 1413 Sancto
1717 1348 2214 1413 Geminiano
2254 1371 2371 1430 pro
2412 1372 2479 1413 se
2520 1360 2587 1413 et
2628 1354 2814 1413 sociis
2856 1352 3151 1413 Forciore
3190 1352 3295 1432 qd.
3339 1354 3529 1416 Man·

1058 1450 1232 1529 gerii,
1279 1448 1570 1511 Lotterio
1609 1449 1714 1527 qd.
1759 1446 2053 1510 Lotterii·
2073 1451 2391 1511 concessit
2432 1450 2832 1511 Bernardino
2880 1450 3149 1512 Iannelli
3204 1454 3531 1530 potestati

1057 1558 1124 1609 et
1154 1550 1382 1609 rectori
1411 1548 1634 1628 oppidi
1662 1547 1744 1609 de
1771 1548 1906 1609 Col
1927 1548 1997 1609 le
2032 1548 2451 1611 medietatem
2480 1550 2716 1611 terreni
2744 1558 2813 1610 et
2837 1550 3012 1612 curie
3042 1550 3191 1611 olim
3219 1550 3302 1610 de
3328 1550 3531 1611 Fusci

1057 1666 1138 1707 ex
1181 1646 1288 1707 illa
1331 1656 1514 1725 parte
1555 1647 1837 1708 fluminis
1878 1646 1959 1708 de
2004 1647 2191 1707 Fusci
2232 1667 2315 1709 ex
2356 1667 2431 1708 ea
2472 1656 2677 1727 parte,
2708 1667 2839 1727 qua
2864 1656 2965 1709 est
2994 1648 3257 1727 podium
3286 1649 3371 1710 de
3398 1650 3525 1711 Ta-

1059 1744 1333 1815 vernole‚
1376 1746 1556 1805 salvo
1599 1746 1732 1805 iure
1775 1744 1981 1823 plebis
2022 1742 2245 1805 Sancti
2286 1744 2653 1807 Geminiani
2696 1747 2763 1805 in
2804 1745 3067 1807 ecclesia
3112 1746 3211 1806 vel
3238 1746 3527 1807 ecclesiis

1056 1844 1256 1903 curtis
1295 1842 1376 1902 de
1417 1842 1640 1915 Fusci;
1683 1862 1826 1921 pen.
1869 1841 1921 1903 C
1965 1862 2153 1903 marc.
2198 1862 2329 1923 arg.
2376 1842 2443 1903 Si
2484 1862 2757 1904 comune
2792 1842 3011 1905 Sancti
3040 1844 3411 1904 Geminiani
3436 1864 3525 1905 ex

1055 1940 1164 2001 illa
1203 1948 1390 2019 parte
1431 1942 1712 2003 fluminis
1753 1940 1834 2001 de
1887 1941 2076 2001 Fusci
2134 1942 2525 2019 acquisitum
2578 1939 2823 2011 fecerit,
2881 1959 3155 2002 comune
3208 1940 3291 2001 de
3344 1928 3527 2003 Celle

1055 2038 1312 2109 habeat,
1356 2048 1676 2118 quantum
1717 2040 2004 2101 evenerit
2045 2040 2113 2098 in
2154 2058 2273 2099 sua
2316 2037 2679 2099 medietate.
2725 2038 2999 2100 Podium
3030 2040 3225 2099 castri
3254 2037 3407 2099 olim
3434 2040 3529 2099 de

1059 2136 1244 2197 Fusci
1284 2146 1352 2197 et
1395 2136 1657 2215 podium
1701 2137 1782 2197 de
1825 2137 2101 2197 Bibiano
2142 2138 2442 2198 comunia
2484 2145 2828 2197 teneantur
2868 2146 2937 2199 et
2991 2136 3081 2197 ibi
3134 2146 3349 2197 castra
3404 2158 3523 2216 per

1053 2254 1324 2295 comune
1367 2234 1586 2295 Sancti
1629 2235 1995 2297 Geminiani
2038 2254 2167 2296 non
2209 2234 2389 2295 fiant.
2476 2235 2617 2296 Act.
2664 2236 2729 2295 in
2770 2234 3009 2314 oppido
3052 2232 3271 2295 Sancti
3300 2234 3523 2297 Gemi·

1053 2334 1230 2392 niani
1258 2334 1326 2393 in
1352 2332 1547 2395 domo
1573 2334 1882 2393 comunis.
1970 2332 2285 2393 Guidotto
2326 2332 2432 2411 qd.
2464 2331 2753 2393 Lotterii.
2786 2333 3070 2412 Rugerio
3096 2332 3201 2412 qd.
3231 2332 3517 2393 Viviani.

1054 2427 1215 2490 Pero
1254 2430 1336 2491 de
1376 2430 1548 2491 Colle
1591 2438 1666 2491 tt.
1755 2430 2012 2491 Forcior
2052 2437 2119 2490 et
2160 2428 2487 2490 Lotterius
2526 2438 2991 2491 consenserunt
3070 2432 3139 2491 in
3172 2430 3368 2491 domo
3410 2451 3517 2491 co·

1055 2530 1268 2589 munis
1350 2547 1564 2589 coram
1616 2527 1933 2590 Guidotto
1976 2528 2153 2588 dicto
2196 2536 2263 2588 et
2304 2527 2529 2588 Albizo
2584 2528 2689 2607 qd.
2736 2526 3031 2588 Ranaldi.
3118 2528 3189 2589 ΙΙ
3243 2528 3325 2588 id.
3386 2530 3517 2589 ian.

1055 2624 1340 2685 Andreas
1383 2624 1637 2705 Herrigl
1679 2624 1784 2703 qd.
1831 2628 1981 2704 imp.
2030 2636 2161 2685 not.

1371 2723 1629 2784 Florenz
1671 2722 1820 2783 Ast.
1869 2722 2064 2797 (Colle
2108 2724 2269 2784 1206
2310 2722 2348 2781 Ι
2390 2724 2495 2795 10)
2538 2723 2707 2801 Oriy.
2768 2722 2941 2783 Colle
2984 2722 3216 2784 AGom.
3263 2722 3513 2785 Instru-

1369 2823 1670 2881 mentario
1713 2822 1750 2880 I
1796 2819 1890 2879 14'
1935 2819 2084 2899 cop.
2130 2840 2177 2881 ε.
2225 2818 2414 2879 XIII
2456 2820 2609 2880 med.

1049 2972 1186 3031 281.
2288 2972 2421 3031 San
2464 2971 2865 3048 GimiynanO,
2909 2972 2988 3032 11
3029 2972 3287 3032 ,Ianuar
3326 2972 3509 3033 1207.

1167 3068 1444 3130 Iacobus
1505 3069 1610 3147 qd.
1679 3068 1979 3129 Asseduti
2042 3078 2109 3129 et
2170 3070 2465 3130 Forciore
2526 3070 2631 3148 qd.
2706 3070 3017 3149 Mangerii
3076 3068 3365 3129 consules
3426 3070 3513 3129 de

1050 3166 1352 3227 Sancto
1407 3167 1892 3229 Geminiano
1935 3186 2050 3245 pro
2092 3167 2275 3228 nobis
2318 3176 2385 3228 et
2427 3167 2731 3228 Hotterio
2756 3166 2862 3245 qd.
2897 3166 3164 3228 Hutteri
3190 3168 3377 3238 soti0,
3406 3188 3507 3228 ar-

1049 3263 1243 3324 bitres
1285 3264 1471 3324 electi
1513 3284 1552 3323 a
1593 3264 1991 3324 Bernardino
2033 3262 2137 3343 qd.
2185 3264 2408 3324 Ianelli
2449 3270 2775 3341 potestate
2804 3262 3023 3341 oppidi
3064 3263 3147 3323 de
3186 3261 3411 3323 Colle
3440 3274 3515 3325 et

1049 3382 1088 3421 a
1128 3362 1445 3423 Guidotto
1485 3361 1589 3440 qd.
1637 3362 1911 3422 Lutterii
1954 3382 2069 3441 pro
2113 3382 2180 3421 se
2222 3372 2287 3423 et
2328 3381 2601 3423 comune
2640 3361 2721 3423 de
2764 3361 3186 3441 Montegabro
3240 3381 3319 3423 ex
3374 3382 3509 3423 una

1049 3466 1230 3537 part-e
1272 3468 1338 3520 et
1367 3480 1406 3521 a
1448 3459 1634 3520 Gallo
1673 3466 1741 3519 et
1785 3460 2197 3520 Merciaderio
2246 3459 2351 3537 qd.
2398 3459 2540 3519 Peri
2596 3466 2663 3519 et
2705 3458 2980 3521 Dainese
3028 3458 3132 3537 qd.
3180 3462 3511 3521 Montonis

1045 3557 1410 3618 consulibus
1453 3558 1616 3617 arcis
1673 3558 1977 3618 Montis
2030 3556 2363 3617 Voltrai
2415 3564 2484 3617 et
2526 3577 2563 3616 a
2606 3556 2960 3617 Pinnochio
3016 3555 3121 3634 qd.
3166 3555 3503 3617 Gerardini

1045 3661 1287 3714 rectore
1329 3654 1548 3733 populi
1593 3672 1708 3731 pro
1749 3653 1973 3714 eodem
2016 3656 2271 3715 comuni
2316 3672 2395 3715 ex
2436 3652 2641 3713 altera
2683 3653 2763 3713 de
2805 3652 3027 3713 litibus
3076 3652 3245 3712 inter
3286 3660 3505 3731 partes

1045 3770 1084 3809 a
1126 3756 1415 3830 tempore
1455 3752 1876 3811 securitatum
1920 3750 2239 3811 factarum
2281 3752 2450 3811 inter
2488 3751 2779 3811 homines
2820 3749 2901 3809 de
2942 3748 3113 3810 Colle
3153 3755 3221 3810 et
3263 3750 3503 3809 Montis

1047 3847 1290 3910 Voltrai
1333 3850 1670 3911 arbitrium
1713 3849 1962 3909 damna.
2008 3850 2233 3911 Partes
2278 3850 2489 3910 iurent
2530 3848 2935 3910 concordiam
2986 3848 3371 3909 anteriorem
3413 3848 3499 3909 ad

1043 3950 1178 4009 eius
1221 3952 1568 4010 terminum
1611 3968 1864 4011 servare
1907 3958 1975 4009 et
2016 3950 2427 4019 consiliariOS,
2458 3949 2715 4019 milites,
2749 3947 3027 4009 militum
3056 3947 3219 4009 filios
3248 3946 3501 4009 dabunt

1043 4046 1128 4105 ad
1170 4047 1527 4107 iurandum.
1573 4046 1901 4107 Presiones
1956 4046 2037 4106 de
2096 4049 2315 4108 Monte
2353 4045 2663 4118 Voltraio,
2721 4047 3161 4125 unusquisque
3203 4065 3351 4106 cum
3394 4044 3497 4105 ΙΙΙ

1042 4145 1611 4206 sacramentalibus
1652 4144 1824 4204 datis
1866 4146 2019 4205 olim
2065 4146 2131 4205 in
2173 4144 2621 4215 stadicatione‚
2658 4145 2790 4205 sint
2819 4149 3144 4222 presentes
3172 4142 3257 4203 ad
3287 4144 3494 4205 iuran-

1041 4240 1231 4314 dum;
1277 4242 1440 4303 VIII
1483 4244 1650 4304 inter
1692 4243 1991 4322 asbergos
2034 4249 2101 4302 et
2144 4249 2426 4303 corectos
2484 4242 2733 4305 ablatos
2788 4244 2879 4303 eis
2939 4242 3021 4302 de
3074 4260 3219 4301 arce
3260 4242 3497 4302 Montis

1043 4338 1290 4400 Voltrai
1331 4342 1400 4403 in
1441 4341 1606 4402 bello
1646 4342 1727 4401 de
1769 4341 2141 4401 Terrarossa
2182 4340 2367 4401 nobis
2418 4360 2534 4419 pro
2591 4340 2741 4417 ipsis
2798 4338 3169 4410 reddantur,
3213 4339 3371 4399 item
3426 4337 3497 4398 II

1041 4439 1306 4499 amissos
1348 4440 1520 4500 bona
1559 4439 1685 4501 fide
1727 4442 1793 4500 in
1833 4439 2139 4519 pubblica
2180 4441 2477 4499 contione
2506 4441 2573 4499 in
2602 4438 2773 4499 Colle
2816 4444 2881 4497 et
2908 4435 3332 4516 Montegabro
3357 4456 3496 4515 pre-

1040 4536 1276 4614 cipient
1317 4537 1529 4610 reddi;
1575 4538 1730 4599 alias
1772 4558 1872 4598 res
1914 4538 2167 4599 ablatas
2210 4539 2276 4597 in
2319 4537 2495 4598 facto
2535 4536 2618 4597 de
2660 4536 3032 4597 Terrarossa
3059 4535 3221 4595 etin
3248 4536 3492 4613 equita-

1043 4634 1215 4694 tione
1236 4642 1462 4713 postea
1481 4635 1561 4696 de
1586 4636 1890 4697 Casolello
1922 4635 2184 4697 reddere
2212 4655 2343 4696 non
2370 4634 2651 4696 debeant
2677 4635 2962 4713 exceptis
2984 4633 3225 4705 bestiis,
3250 4630 3287 4691 I
3307 4632 3491 4704 lect0,

1040 4731 1072 4791 I
1114 4730 1405 4792 fai-secto
1492 4732 1793 4793 Consules
1838 4733 2075 4793 Montis
2119 4732 2365 4793 Voltrai
2410 4732 2682 4793 reddant
2726 4729 2827 4791 XI
2868 4730 3065 4792 boves
3108 4736 3171 4789 et
3200 4730 3254 4790 si
3286 4728 3495 4807 plures
