3817 5642
1133 560 1242 612 258
1785 559 1925 611 RE(
1928 564 1943 609 l
1955 558 2101 612 EST
2110 560 2221 612 [Ἢ
2266 560 2584 613 v‹)1.ATE
2594 562 2643 611 R
2657 562 2947 615 RANUM

1141 756 1275 818 771.
2768 758 2947 831 Pisa,
2992 760 3075 820 28
3112 760 3377 821 Januoe
3416 762 3588 821 1267.

1257 854 1536 927 Quidam
1591 854 2023 915 Theotonicus
2064 856 2387 933 promittit
2446 856 2878 917 ambaxiatori
2922 858 3211 917 comunis
3252 857 3475 918 Vult.
3532 880 3591 917 se

1139 957 1508 1011 curaturum
1553 952 1666 1022 ita,
1697 952 1876 1030 quod
1902 957 2054 1013 octo
2080 950 2457 1013 Theotonici
2484 953 2755 1013 stabunt
2794 954 2877 1015 ad
2920 956 3253 1015 servitium
3283 959 3589 1015 comunis.

1457 1050 1718 1110 norem
1760 1050 1913 1109 Ast.
1961 1048 2153 1125 (Vols.
2198 1068 2257 1109 n.
2286 1050 2431 1123 857>
2474 1050 2649 1127 Ου’-’9.

1137 1244 1274 1304 772.
2724 1246 2985 1319 Viturbo,
3016 1246 3057 1307 3
3098 1247 3381 1307 Februar
3422 1248 3586 1307 1267.

1257 1340 1625 1403 Clemens
1682 1341 1786 1403 IV
1835 1340 2177 1402 Ambrosio
2216 1342 2299 1403 de
2338 1344 2475 1403 ord.
2524 1343 2707 1403 Pred.
2792 1344 3243 1405 communicat
3285 1346 3587 1405 mandata

1141 1438 1470 1499 Bel-nardo
1523 1438 1943 1517 Languiscelli
2002 1436 2201 1501 data¹
2211 1444 2231 1517 )
2294 1446 2361 1499 et
2424 1440 2695 1501 mandat
2760 1440 3036 1521 quedam
3100 1445 3267 1503 circa
3324 1462 3589 1503 comune

1139 1532 1364 1597 Sancti
1401 1534 1786 1597 Geminiani.
1887 1534 2107 1597 «Olim
2164 1536 2402 1597 dilecto
2422 1558 2465 1597 ο.
2562 1536 2715 1597 Dat.
2769 1537 3045 1600 Viterbii
3100 1537 3207 1598 111
3248 1560 3405 1599 non.
3448 1540 3588 1605 feb..

1133 1640 1316 1713 pont.
1359 1632 1452 1694 ΙΙ.

1459 1730 1724 1792 florent
1765 1730 1917 1792 Ast.
1964 1730 2126 1807 (Sem
2156 1732 2563 1809 Gimiqnano)
2594 1732 2763 1811 Θήρ.
2800 1732 3003 1807 (Baua
3029 1734 3351 1810 ver-Ioron).
3436 1734 3587 1794 Edd.

1455 1829 1676 1907 Ripoll
1715 1830 2083 1891 Rullus-ium
2122 1830 2343 1893 Pmed.
2392 1830 2429 1891 I
2469 1830 2605 1893 481.
2636 1831 2845 1909 Goppi
2873 1833 3013 1894 122.
3042 1832 3233 1911 Reyq.
3265 1832 3339 1893 P.
3374 1834 3587 1894 19930.

1457 1926 1819 1987 Davideolm
1887 1926 2327 2005 rorxhunqen
2400 1928 2475 1987 II
2546 1928 2667 1989 134
2734 1950 2793 1989 n.
2860 1930 2981 1991 942
3050 1930 3411 2006 (verqleu'ohe
3477 1931 3589 1990 133

1455 2044 1518 2082 n.
1567 2022 1686 2083 938
1715 2024 1845 2083 und
1889 2022 2011 2083 134
2055 2044 2115 2083 n.
2160 2024 2325 2101 944).
2370 2024 2686 2086 B.-F.·W.
2732 2026 2909 2087 9727.

1139 2220 1274 2281 773.
2340 2220 2561 2282 casole
2612 2222 2737 2281 Val
2776 2222 2835 2281 d’
2842 2222 3019 2295 Elea,
3062 2222 3141 2283 31
3185 2223 3373 2284 Mdv-z
3412 2224 3587 2283 1267.

1261 2315 1654 2377 Albertus
1697 2316 1872 2379 Vult.
1918 2336 2015 2395 ep.
2058 2317 2125 2377 in
2166 2318 2611 2395 emphiteosim
2668 2326 3045 2397 perpetuam
3102 2318 3283 2379 dedit
3326 2320 3589 2379 Alberto

1137 2414 1246 2493 qd,
1293 2412 1752 2475 Gualanduccii
1791 2414 1872 2474 de
1914 2414 2139 2475 Leccia
2178 2413 2443 2475 domum
2474 2422 2540 2473 et
2570 2416 2827 2493 podere,
2868 2434 2993 2495 que
3032 2414 3295 2476 fuerunt-
3336 2417 3446 2494 qd.
3480 2416 3589 2474 'ffi-

1139 2510 1374 2573 chaelis
1403 2510 1862 2572 Gualanduooii
1889 2511 2107 2572 fratris
2134 2514 2293 2583 eius,
2326 2513 2537 2589 posita
2570 2512 2742 2589 apud
2784 2512 3097 2585 Lecciam,
3127 2511 3249 2572 sub
3292 2514 3591 2591 pnnsione

1143 2607 1278 2668 XII
1321 2607 1465 2669 den.
1509 2626 1686 2685 parv.
1719 2608 1864 2682 Pis.;
1895 2628 2042 2686 pen.
2074 2606 2181 2668 lib.
2214 2608 2409 2671 XXV
2434 2608 2581 2669 den.
2664 2610 2811 2669 Aet.
2842 2609 3089 2671 Casulis
3114 2610 3293 2688 apud
3320 2610 3589 2688 plebem.

1143 2706 1453 2768 Bertuldo
1493 2726 1633 2767 can.
1679 2706 1854 2768 Vult.
1893 2707 2209 2768 Ricovero
2240 2710 2563 2787 preposito
2591 2707 2932 2769 Casulensi.
2965 2708 3219 2769 Maturo
3249 2708 3356 2789 qd.
3388 2708 3589 2768 F-..tti-

1149 2804 1347 2864 buoni
1385 2808 1468 2864 tt.
1567 2802 2006 2877 MCCLXVII,
2050 2804 2181 2865 ind.
2230 2806 2313 2877 X,
2359 2805 2596 2865 XXXI
2640 2813 2828 2865 mart.
2934 2806 3427 2867 Ildebrandinus
3484 2806 3587 2885 qd.

1139 2901 1405 2963 Gerardi
1447 2908 1584 2963 not.

1462 3000 1613 3061 Volt.
1660 3000 1896 3059 AVesc.
1939 3020 1989 3061 ε.
2040 3000 2225 3060 XIII
2267 3004 2385 3063 dec.
2436 3003 2472 3062 7
2510 3024 2571 3061 n.
2618 3002 2699 3061 35
2740 3002 2907 3079 Oriq.

1139 3196 1276 3257 774.
2480 3198 2617 3257 San
2660 3198 3057 3275 Gimt'ynano,
3102 3199 3183 3258 15
3226 3198 3373 3259 Mai
3413 3200 3589 3261 1267.

1259 3294 1558 3353 Potestas
1599 3302 1666 3353 et
1707 3294 2040 3353 consilium
2082 3297 2275 3355 castri
2305 3295 2525 3355 Sancti
2554 3294 2917 3355 Geminiani
2945 3296 3161 3355 iurant
3196 3296 3486 3357 Roberto
3514 3297 3589 3355 de

1145 3389 1404 3449 Laveno
1447 3390 1598 3448 iuris
1641 3389 1999 3467 professori,
2032 3392 2427 3467 procuratori
2458 3398 2522 3449 et
2550 3390 2847 3451 familiari
2892 3390 3187 3451 Karuli
3230 3394 3445 3471 regis
3487 3392 3589 3451 Si-

1139 3486 1350 3559 cilie,
1393 3486 1768 3547 fidelitatem
1816 3495 1882 3548 et
1926 3488 2238 3548 auxilium
2280 3494 2505 3548 contra
2535 3487 3001 3561 Conradinum;
3037 3490 3147 3567 qui
3174 3490 3501 3567 promittit
3528 3509 3590 3547 se

1138 3586 1232 3643 ita
1273 3584 1620 3658 facturum,
1665 3586 1838 3663 quod
1883 3606 1993 3645 rex
2034 3594 2337 3659 castrum,
2380 3586 2688 3658 homineS,
2734 3588 2873 3647 iura
2914 3606 3133 3647 eorum
3174 3585 3477 3647 salvabit.

1464 3683 1716 3742 Florem
1758 3683 1906 3743 ASt.
1942 3684 2101 3759 (San
2137 3684 2539 3762 Gimae'qnano)
2572 3684 2741 3760 Θήρ.
2790 3685 3018 3761 (Sieyel
3060 3686 3375 3761 verloren).
3456 3686 3589 3746 San

1460 3782 1838 3855 Gimiymmo
1893 3782 2127 3842 ACom.
2184 3781 2367 3841 Isiber
2420 3782 2681 3842 blancus
2744 3782 2837 3843 79‘
2885 3782 3040 3859 Cop.
3090 3802 3137 3843 ε.
3180 3780 3391 3844 XIII.
3470 3783 3586 3842 Ed.

1456 3877 1680 3939 Ficker
1736 3879 1770 3937 I
1783 3880 1832 3939 V
1902 3878 2020 3937 455
2062 3899 2120 3937 n.
2182 3878 2319 3937 449.
2366 3880 2555 3955 Reqq.
2602 3878 2911 3940 B.-F.-W.
2968 3878 3185 3940 14345.
3230 3878 3589 3940 Βαυίάεοῖιπ

1459 3978 1892 4053 Forechunyen
1942 3978 2015 4037 II
2062 3978 2181 4036 135
2222 3998 2281 4037 n.
2328 3978 2463 4037 9:56.

1143 4172 1277 4233 775.
2870 4172 3055 4247 Colle,
3099 4172 3181 4233 16
3222 4172 3375 4234 Mai
3412 4172 3582 4233 1267.

1259 4270 1698 4341 MCCLXVII,
1745 4270 1845 4331 die
1889 4270 2057 4339 lune,
2104 4270 2264 4331 XVI
2320 4274 2467 4343 mai,
2514 4272 2644 4332 ind.
2692 4272 2777 4343 X,
2822 4270 2997 4350 apud
3039 4270 3231 4344 Colle,
3274 4273 3585 4333 existente

1137 4368 1460 4431 Clemente
1504 4389 1580 4445 pa
1593 4391 1649 4445 1
1619 4389 1690 4427 uu
1779 4368 2069 4444 Arigolus
2100 4368 2356 4427 :iocaris
2328 4371 2378 4427 i
2408 4376 2695 4447 potestas
2726 4371 3012 4429 comunis
3042 4368 3121 4428 de
3152 4368 3324 4431 Colle
3350 4376 3417 4428 et
3442 4386 3583 4426 eon·

1135 4467 1354 4527 siliarii
1397 4468 1764 4526 iuraverunt
1820 4466 2061 4525 Uberto
2102 4466 2182 4524 de
2222 4466 2485 4528 Liveuo
2526 4468 2677 4526 iuris
2706 4467 3066 4545 professori,
3099 4468 3493 4543 procuratori
3522 4471 3585 4524 et·

1134 4564 1435 4625 familiari
1477 4565 1770 4623 Karuli
1816 4565 2030 4640 regis
2072 4563 2375 4636 Sicilie,
2422 4566 2597 4643 quod
2640 4571 2827 4625 erunt
2868 4564 3085 4624 fideles
3128 4565 3279 4643 regi,
3315 4562 3581 4623 Beatrici

1285 4772 1328 4836 ¹)
1367 4772 1637 4827 Imert'ert,
1678 4772 1807 4819 oben
1845 4788 1894 4820 n.
1948 4778 2055 4822 770,
