3817 5642
1057 564 1093 614 8
1709 561 1758 614 R
1770 561 2151 616 FGESTFM
2192 563 2877 620 VOLATERRANUM

1059 777 1210 820 casa
1249 762 1317 818 et
1357 777 1457 819 res
1498 760 1610 837 qui
1651 767 1752 819 eet
1803 759 1898 838 [in
1942 759 2147 820 loeo..
2190 767 2258 818 et
2300 760 2505 840 recta]
2542 759 2671 820 fuit
2706 779 2819 840 per
2844 760 3300 840 Teudiprando
3326 781 3515 822 maes.

1062 857 1158 937 [et
1209 856 1364 936 alia]
1417 857 1485 916 in
1539 876 1588 916 s.
1633 856 1870 936 Magno
1912 875 2027 934 pro
2068 877 2216 918 ann.
2267 875 2443 934 pens,
2486 857 2623 918 XII
2664 858 2811 918 den.
2856 857 2920 918 b.
2965 877 3113 938 exp.
3154 859 3367 938 qualis
3406 879 3521 937 per

1063 961 1261 1033 temp.
1299 953 1540 1034 0.[...].
1627 955 1798 1015 Boeo
1839 973 1938 1034 ep.
1984 975 2065 1015 ss,
2094 955 2187 1034 [S.
2232 955 2349 1036 m.]
2386 955 2735 1016 Terentini.
2780 955 3149 1017 Uuilleredo
3190 955 3383 1017 iudex
3426 977 3517 1016 re-

1061 1071 1234 1130 gum.
1281 1051 1580 1113 Belduini
1621 1050 1902 1112 clericus,
1946 1051 2179 1113 Teutio
2220 1073 2301 1112 se.
2426 1053 2757 1114 Uuiniildo
2798 1055 3020 1129 not.¹).

1393 1147 1548 1209 Vols.
1597 1147 1833 1210 AVeoc.
1877 1168 1925 1209 e.
1970 1147 2036 1208 X
2076 1149 2199 1208 dec.
2242 1151 2281 1211 4
2322 1169 2385 1212 π.
2430 1149 2467 1210 1
2510 1149 2681 1226 On'q.

1059 1345 1158 1404 25.
2818 1344 3108 1417 Volterra,
3152 1345 3339 1406 Μᾶντ
3378 1346 3517 1406 945.

1180 1439 1330 1520 Ugo
1369 1459 1479 1501 rex
1522 1461 1581 1501 a.
1627 1441 2049 1502 nonodecimo
2088 1448 2151 1501 et
2198 1441 2459 1502 Lotario
2498 1441 2543 1502 f.
2588 1443 2723 1502 eiu-3
2764 1461 2875 1504 rex
2917 1463 2977 1503 a.
3014 1443 3517 1522 quartodecimo,

1063 1540 1320 1609 marcio,
1369 1539 1496 1599 ind.
1541 1542 1760 1600 tercia.
1847 1540 2057 1601 Boeo
2096 1539 2309 1600 Volot.
2352 1560 2453 1620 ep.
2498 1559 2611 1618 per
2650 1559 3027 1602 consensum
3070 1543 3521 1601 canonicorum

1061 1635 1370 1697 confirmo
1413 1637 1670 1698 Andrea
1711 1637 1921 1715 presb.
1965 1637 2010 1698 f.
2056 1637 2117 1698 b.
2164 1657 2247 1698 m.
2292 1637 2621 1698 Cuntrude
2646 1639 2797 1698 eccl.
2840 1659 2891 1699 s,
2938 1639 3174 1712 Quirini
3214 1644 3283 1699 et
3322 1659 3373 1699 s,
3420 1639 3520 1698 Io·

1063 1732 1346 1810 ha(nnis)
1391 1733 1648 1796 batiste.
1679 1734 1790 1812 qui
1819 1741 1919 1794 est
1962 1734 2143 1813 plebe
2185 1733 2541 1797 batismalis
2582 1737 2707 1796 sito
2746 1735 2982 1808 Silene,
3026 1742 3103 1796 ut
3144 1734 3375 1796 reddas
3408 1756 3517 1795 an·

1063 1850 1262 1892 uuam
1305 1850 1482 1910 pens.
1517 1850 1647 1910 arg.
1677 1831 1825 1892 den.
1860 1830 2127 1892 duodeci
2164 1832 2223 1892 b.
2256 1851 2401 1909 exp.
2434 1833 2643 1910 qualis
2674 1851 2785 1910 per
2815 1838 3013 1910 temp.
3048 1852 3129 1904 ο.;
3162 1851 3307 1910 pen.
3339 1851 3519 1892 num.

1064 1946 1198 2006 arg.
1221 1927 1334 1988 sol.
1359 1930 1753 2006 quatrainta.
1839 1928 1984 1988 Aet.
2003 1929 2215 1989 Volot.
2304 1929 2470 1989 Boeo
2496 1949 2599 2007 ep.
2632 1928 2887 1989 Andrea
2914 1929 3123 2007 presb.
3150 1927 3523 1990 Radbertus

1063 2025 1268 2086 abbas
1309 2026 1660 2087 monachus
1699 2026 1913 2104 adque
1954 2027 2171 2086 levita.
2218 2026 2603 2088 Benedictus
2644 2027 2851 2105 presb.
2894 2033 2957 2087 et
3002 2045 3143 2086 cen.
3174 2025 3409 2087 Gundo
3440 2027 3523 2086 le-

1069 2122 1206 2182 vita
1247 2129 1315 2182 et
1356 2143 1498 2183 can.
1545 2123 1836 2184 Aurelius
1879 2124 2082 2184 levita
2120 2131 2188 2184 et
2228 2143 2365 2185 can.
2412 2124 2740 2184 Grasolfus
2784 2124 2978 2185 levita
3016 2131 3085 2184 et
3120 2143 3260 2184 can.
3294 2123 3524 2184 Petrus

1068 2219 1274 2298 presb.
1313 2227 1380 2280 et
1421 2241 1562 2282 can.
1607 2221 1949 2282 Camerino
1988 2221 2274 2282 subdiac.
2318 2229 2382 2282 et
2428 2242 2567 2282 can.
2614 2243 2694 2282 ss,
2742 2222 3103 2300 Flaipertus
3144 2228 3277 2282 not.
3324 2229 3404 2282 tt.
3438 2243 3523 2281 ss,

1065 2317 1129 2380 S.
1175 2337 1258 2379 m.
1305 2317 1578 2380 Siufredi
1619 2319 1662 2380 f.
1695 2319 1755 2380 b.
1788 2339 1870 2379 m.
1916 2321 2065 2380 Vidi
2107 2327 2187 2380 tt.
2234 2320 2415 2380 Ildici
2456 2321 2503 2382 f.
2549 2320 2691 2380 Inni
2738 2326 2817 2380 tt.
2904 2321 3197 2380 Donatus
3242 2329 3372 2380 not.

1397 2416 1551 2476 Volt.
1602 2417 1652 2476 A
1674 2417 1837 2477 Vesc.
1879 2436 1930 2478 ε.
1976 2417 2039 2476 Χ
2082 2416 2203 2477 dec.
2248 2419 2286 2478 4
2326 2437 2389 2477 n.
2432 2417 2473 2477 2
2514 2417 2683 2494 Oriq.
2766 2415 2887 2478 cit.
2940 2415 3194 2494 Uqhelli
3240 2415 3301 2474 'I
3340 2416 3521 2477 1430.

1065 2614 1163 2674 26.
2658 2612 2707 2674 V
2709 2613 2953 2682 olterra,
2996 2611 3343 2689 September
3384 2611 3523 2672 946.

1187 2711 1332 2790 Ugo
1373 2729 1484 2771 rex
1527 2731 1581 2770 a.
1629 2711 1782 2781 XX,
1827 2711 2091 2771 Lotario
2130 2711 2175 2771 f.
2218 2713 2353 2771 eius
2395 2710 2565 2770 idem
2614 2729 2723 2771 rex
2768 2729 2826 2769 a.
2874 2709 3017 2780 XV,
3062 2715 3243 2786 sept„
3288 2709 3401 2768 ind
3448 2707 3525 2768 V.

1069 2810 1278 2870 Boeo
1319 2808 1532 2869 Volot.
1563 2828 1659 2887 ep.
1691 2809 1798 2869 lib.
1833 2827 2003 2869 nom.
2030 2809 2211 2869 firmo
2242 2806 2689 2868 Raimbertof.
2722 2807 2784 2868 b.
2816 2827 2897 2866 m.
2922 2807 3325 2866 Tassimanni
3356 2813 3527 2866 terra

1063 2916 1132 2970 et·
1177 2909 1366 2968 vinea
1409 2910 1474 2968 in
1517 2909 1654 2968 loco
1698 2910 1808 2986 qui
1849 2909 1972 2968 dic.
2004 2908 2087 2968 ad
2114 2909 2420 2988 Cignano,
2452 2910 2847 2986 pertinentes
2874 2907 3021 2966 eccl.
3051 2925 3103 2966 s.
3134 2903 3373 2984 Iaeopi,
3412 2907 3523 2983 qui

1063 3011 1164 3066 est
1205 3005 1286 3066 de
1327 3007 1721 3084 episcopatu,
1765 3025 1881 3084 pro
1926 3027 2099 3084 pens.
2146 3025 2276 3082 arg.
2319 3006 2464 3066 den.
2512 3003 2741 3066 XVIII
2774 3005 2831 3064 b.
2862 3021 3004 3081 exp.
3036 3005 3147 3082 qui
3176 3023 3289 3082 per
3326 3011 3523 3081 temp.

1068 3123 1147 3176 ο.;
1176 3123 1320 3181 pen.
1351 3115 1480 3182 arg.
1513 3103 1626 3163 sol.
1659 3111 1938 3163 eentum.
2026 3104 2165 3164 Act.
2198 3103 2408 3164 Volet.
2494 3103 2664 3163 Boso
2692 3122 2793 3181 ep.
2824 3122 2901 3162 ss.
2934 3099 2993 3160 S.
3020 3121 3103 3160 m.
3138 3101 3523 3162 Raimberti.

1069 3200 1368 3262 Balduini
1410 3199 1572 3260 diae.
1619 3207 1698 3262 tt.
1743 3221 1825 3261 ss,
1871 3201 1934 3262 S.
1982 3221 2063 3261 m.
2112 3201 2419 3261 Everardi
2462 3201 2506 3262 f.
2540 3201 2597 3261 b.
2632 3219 2715 3259 m.
2764 3197 3207 3277 Raimburghi.
3252 3197 3523 3277 Hingal-

1068 3297 1242 3359 baldi
1285 3298 1328 3359 f.
1361 3297 1423 3360 b.
1457 3317 1540 3358 m.
1571 3297 1906 3358 Kamai-ini
1950 3299 2232 3373 cler-(ici).
2277 3297 2538 3359 Berardi
2568 3297 2613 3358 f.
2640 3296 2910 3358 Andree.
2996 3293 3279 3356 Bel-erdo
3308 3303 3441 3355 not.

1397 3395 1552 3458 Volt.
1599 3397 1835 3457 AVesc.
1879 3415 1926 3456 ε.
1974 3395 2037 3456 X
2081 3397 2201 3457 dec.
2247 3397 2284 3457 4
2326 3417 2387 3456 n.
2432 3397 2473 3456 3
2514 3396 2687 3472 Oriq.

1067 3589 1164 3651 27.
2820 3587 3113 3658 Vellet-ra,
3160 3585 3345 3646 Mein
3384 3585 3527 3645 947.

1185 3687 1330 3765 Ugo
1370 3707 1480 3748 rex
1524 3707 1582 3748 a.
1629 3687 1795 3748 XXI
1841 3695 1907 3748 et
1950 3687 2257 3748 Lethario
2298 3687 2343 3746 f.
2386 3688 2521 3747 eius
2564 3685 2735 3747 idem
2776 3705 2887 3747 rex
2930 3705 2989 3745 a.
3038 3683 3217 3754 XVI,
3264 3685 3523 3752 marcio,

1067 3786 1198 3846 ind.
1255 3787 1332 3849 V.
1431 3785 1805 3847 Comutacio
1859 3787 2027 3846 inter
2090 3785 2299 3844 Boso
2358 3785 2651 3862 pontifex
2708 3785 2920 3846 Volot.
2979 3800 3225 3842 necnon
3288 3778 3527 3840 Rain-

1067 3884 1312 3945 baldo
1353 3883 1400 3945 f.
1447 3884 1510 3944 b.
1556 3904 1638 3944 m.
1686 3883 1978 3944 Ildiberti
2020 3903 2167 3944 omo
2210 3883 2422 3944 Volet.
2508 3883 2677 3943 Boeo
2716 3881 2899 3942 dedit
2942 3877 3307 3940 Rainbaldo
3356 3885 3527 3937 terra

1066 3989 1133 4043 et
1175 3988 1462 4060 sterpeta
1502 3983 1566 4042 in
1611 3981 2074 4060 Monlevignali
2114 3982 2195 4040 de
2238 3980 2423 4058 plebe
2468 4000 2516 4038 s,
2563 3979 2867 4039 Iohannis
2908 3979 3035 4037 sito
3084 3975 3355 4036 Mitiano
3409 3993 3531 4052 sup
3592 3967 3595 3970 ’

1067 4085 1460 4158 potestatem
1501 4081 1921 4158 episcopatui,
1968 4079 2355 4158 pertigbes²)
2396 4076 2752 4138 CCLXXX
2794 4075 3029 4154 pedum
3074 4071 3211 4134 XII
3252 4072 3338 4132 ad
3378 4071 3527 4132 Liu-

1067 4177 1298 4255 prandi
1336 4196 1450 4238 rex
1476 4181 1542 4255 ³),
1588 4184 1656 4238 et
1713 4177 2061 4236 modiolum
2104 4176 2259 4236 XII.
2306 4177 2475 4236 Boeo
2516 4177 2748 4253 recepit
2796 4174 2880 4234 de
2926 4171 3290 4232 Rainbaldo
3334 4177 3525 4240 terra,

1069 4282 1286 4334 monte
1329 4281 1397 4334 et
1437 4281 1724 4351 sterpeta
1767 4274 1832 4332 in
1889 4273 2028 4332 loeo
2071 4281 2132 4331 et
2180 4293 2317 4332 voc.
2376 4293 2413 4331 a
2470 4271 2707 4331 Laione
2762 4271 2873 4348 qui
2926 4275 3025 4329 est
3080 4267 3272 4346 longo
3326 4266 3527 4326 fluvio

1067 4371 1292 4434 Trosee
1333 4393 1536 4451 prope
1576 4378 1796 4432 monte
1851 4372 1933 4432 de
1991 4371 2225 4435 Silano,
2270 4378 2535 4431 tenente
2589 4371 2655 4430 in
2710 4377 2889 4430 terre
2935 4389 2985 4428 e.
3026 4367 3227 4437 Petri,
3270 4365 3527 4435 Trosea,

1215 4606 1226 4633 ¹
1239 4633 1254 4670 1
1281 4605 1366 4656 Or.
1395 4607 1514 4656 sehr
1538 4607 1810 4661 zer-risam,
1841 4604 2017 4666 einiqe
2044 4603 2677 4666 Zeuqenunterschriften‚
2700 4602 2783 4652 die
2812 4603 2959 4652 Pom
2995 4601 3111 4649 und
3144 4599 3365 4649 anderes
3400 4595 3535 4646 sind

1067 4693 1218 4746 nieht
1251 4691 1398 4772 ngehr
1420 4709 1488 4743 zu
1513 4695 1804 4758 entziffern.
1930 4695 1974 4758 ²)
2013 4713 2067 4740 --
2096 4695 2349 4758 perticas.
2474 4692 2516 4756 ³)
2558 4711 2625 4738 z
2650 4691 2724 4740 ad
2762 4689 2961 4755 pedem
3001 4685 3335 4753 Liutpmndi
3372 4685 3533 4750 regis,

1073 4797 1116 4834 e.
1158 4783 1436 4844 Οαῑοςενα,
1476 4781 1734 4834 Raccozra
1769 4783 1825 4831 Χ
1872 4785 2151 4834 125-133.·
2189 4781 2293 4832 Del
2330 4782 2493 4831 Piede
2532 4781 2855 4842 Aliproendo.
