3817 5642
911 562 1352 617 REGESTUM
1389 562 1710 617 VOLATE
1723 562 1947 614 RRAN
1958 562 2136 662 [Ην-Ι
2613 562 2723 617 279

616 660 858 667 ———-
1140 656 1431 665 --—..-——

257 779 662 841 quamquam
703 762 1018 821 terminus
1071 760 1338 829 effluxit,
1395 764 1660 819 actenus
1717 778 1847 819 non
1899 758 2213 821 sajsfecit
2267 762 2372 819 cis,
2428 758 2719 831 Mandat,

257 860 576 937 quatinus
601 876 862 919 causam
890 857 1118 918 audiat
1145 862 1212 917 et
1233 858 1442 917 usuris
1469 856 1867 917 cessantibus
1895 856 2168 916 decidat.
2233 880 2261 915 «ι
2281 856 2485 918 Nobis
2511 856 2656 935 Ugo
2676 876 2719 917 t.

263 958 420 1017 Dat.
450 955 725 1017 viterbii
767 954 874 1015 III
915 955 998 1015 id.
1045 960 1191 1025 oct„
1237 954 1442 1033 [pont.
1490 954 1551 1033 I]
1582 956 1642 1029 ¹).

341 1094 348 1099 -
597 1054 800 1115 Imert
841 1054 916 1113 in
955 1073 1018 1113 n.
1064 1052 1202 1113 830.

259 1153 405 1213 827.
1661 1151 2001 1221 MiccianO,
2045 1151 2124 1211 25
2164 1150 2501 1212 November
2540 1151 2717 1213 1276.

389 1247 862 1321 MOCLXXVL
891 1247 1020 1309 ind.
1053 1248 1130 1321 V,
1163 1248 1354 1308 XXV
1384 1268 1530 1311 nov.
1601 1247 2049 1309 Rainerius
2078 1268 2175 1327 ep.
2199 1249 2371 1310 Vult.
2395 1250 2635 1310 locavit
2654 1254 2722 1311 et

259 1348 578 1409 concessit
607 1348 674 1407 in
713 1345 980 1407 feudum
1023 1348 1184 1406 etin
1211 1346 1658 1425 emphiteosim
1686 1346 1890 1420 colto,
1921 1346 2111 1419 Dine,
2144 1345 2421 1408 Gnidoni
2450 1352 2581 1407 not.
2614 1347 2718 1425 qd.

259 1444 584 1507 AIbertini
625 1446 864 1524 podere
903 1446 972 1505 in
1012 1444 1383 1516 Seraczano,
1415 1446 1590 1524 quod
1615 1445 1743 1506 fuit
1787 1446 2235 1519 Balzanorum,
2264 1451 2330 1505 et
2358 1445 2725 1506 habuerunt
2756 1464 2773 1479 ·

261 1547 480 1623 ipsum
521 1542 606 1602 ab
647 1544 978 1621 episcopis,
1025 1562 1142 1621 pro
1181 1542 1400 1603 danda
1440 1562 1660 1603 eorum
1702 1544 1997 1621 expensis
2052 1550 2121 1603 et
2164 1542 2405 1621 absque
2445 1562 2722 1604 comme·

260 1642 476 1701 stione
503 1642 570 1701 in
597 1640 740 1700 fest.
771 1660 818 1701 s.
842 1639 1092 1701 Stefani
1117 1660 1246 1701 una
1273 1639 1436 1700 libra
1463 1658 1602 1701 cere
1629 1639 2011 1701 castaldioni
2030 1641 2222 1699 castri
2245 1639 2325 1700 de
2344 1639 2719 1715 Seraczano;

260 1758 408 1817 pen.
443 1736 508 1797 X
534 1737 644 1797 lib.
687 1738 828 1798 den.
874 1738 998 1797 Pis.
1083 1737 1320 1797 Actum
1349 1738 1526 1815 apud
1551 1737 1802 1817 plebem
1831 1737 1915 1798 de
1942 1736 2273 1799 Micciano.
2352 1738 2719 1799 Primerano

259 1834 545 1913 plebano
597 1836 678 1895 de
733 1835 1280 1913 Ripamarrancia.
1324 1834 1562 1895 Guccio
1602 1835 1945 1913 Paganelli.
2005 1834 2320 1896 Palme‘rio
2374 1834 2715 1897 Aldibaldi.

259 1933 552 1995 Orlando
581 1932 832 1994 Andree
873 1932 956 1993 de
997 1931 1314 1994 Libbiano
1356 1940 1432 1993 tt.
1555 1932 1832 1994 Iacobus
1873 1934 1953 1993 de
1996 1932 2211 1993 Leona
2252 1933 2444 1994 iudex
2487 1940 2552 1994 et
2586 1938 2719 1993 not.

599 2031 758 2091 Volt.
793 2029 1034 2092 AVeec.
1063 2050 1110 2091 ε.
1141 2030 1332 2091 XIII
1359 2030 1483 2091 dec.
1515 2030 1554 2091 8
1581 2050 1644 2091 n.
1675 2030 1756 2091 45
1783 2030 1959 2107 Ori9

259 2228 404 2287 828.
1657 2225 1997 2293 Μὶοοίαηο,
2040 2225 2122 2285 26
2161 2224 2501 2286 November
2539 2223 2721 2285 1276.

384 2324 857 2393 MCCLXXVI,
903 2323 1030 2383 ind.
1076 2323 1152 2394 V,
1199 2322 1426 2384 XXVI
1467 2342 1614 2383 nov.
1717 2324 1856 2383 Act.
1901 2322 2077 2401 apud
2125 2323 2377 2401 plebem
2432 2324 2513 2383 de
2566 2320 2717 2382 Mic·

259 2424 470 2483 cian0.
557 2422 926 2481 Primerano
982 2419 1256 2498 plebano
1309 2420 1390 2480 de
1446 2420 1929 2498 Ripamarranc'
1936 2441 1995 2479 a
2037 2420 2297 2481 Andrea
2350 2419 2598 2481 medico
2640 2419 2721 2479 de

257 2520 442 2581 Vult.
485 2519 754 2579 Alberto
797 2518 1070 2598 plebano
1112 2520 1192 2579 de
1235 2517 1542 2579 Gerfaloo
1591 2518 1800 2579 Bindo
1830 2518 2091 2597 Ugolini
2124 2518 2205 2579 de
2234 2519 2507 2579 Petroi0.
2538 2518 2719 2580 Tano

257 2618 518 2679 Alberti
555 2617 638 2678 de
675 2618 1007 2678 Florentia
1045 2622 1122 2677 tt.
1209 2615 1542 2677 Rolandus
1583 2615 1689 2695 qd.
1721 2615 2033 2695 Raynerii
2057 2616 2138 2676 de
2164 2618 2409 2689 Leccia,
2440 2616 2720 2677 sindicus

255 2718 556 2777 comunis
595 2715 676 2776 de
715 2716 962 2785 Leccia,
1007 2716 1248 2793 recepit
1286 2734 1329 2774 a
1370 2714 1786 2793 Raynerio
1825 2734 1937 2793 ep„
1970 2714 2146 2775 Vult.
2191 2734 2412 2775 omnes
2452 2721 2625 2778 ortos
2652 2718 2720 2775 et

255 2812 680 2893 appendicias
721 2813 916 2873 castri
957 2812 1038 2871 de
1079 2812 1322 2873 Leccia.
1421 2810 1782 2890 Raynerius
1825 2812 1931 2891 qd.
1976 2811 2199 2873 Iacobi
2240 2812 2483 2873 Posche
2523 2811 2719 2873 iudex

255 2911 400 2973 ord.
445 2930 525 2971 ex
566 2910 1040 2971 abbreviaturis
1081 2910 1301 2989 patris,

385 3006 650 3067 Eisdem
691 3008 830 3067 loco
870 3012 938 3067 et
979 3007 1100 3067 die.
1197 3006 1465 3067 Alberto
1519 3007 1795 3085 plebano
1847 3006 1929 3068 de
1984 3007 2293 3069 Gerfalco.
2352 3007 2721 3069 Primerano

255 3104 542 3183 plebano
579 3104 663 3165 de
703 3105 1250 3184 Ripamarrancia.
1293 3104 1478 3165 Colto
1520 3111 1587 3165 et
1628 3104 1797 3166 Dino
1825 3106 1931 3185 qd.
1962 3104 2401 3167 Ildebtandini
2430 3105 2511 3164 de
2536 3104 2717 3166 Sera-

254 3222 426 3265 zano
469 3208 548 3262 tt.
633 3202 1100 3281 Raynerius
1143 3221 1239 3280 ep.
1283 3202 1458 3263 Vult.
1501 3204 1709 3263 eidem
1737 3202 2037 3264 Rolando
2065 3200 2304 3264 locavit
2344 3206 2411 3263 in
2452 3203 2717 3281 emphy-

257 3302 498 3363 teosim
537 3302 785 3379 petium
827 3306 994 3383 terre
1033 3302 1102 3361 in
1145 3301 1442 3363 districtu
1484 3302 1705 3363 Leccie
1743 3304 1810 3361 in
1840 3300 2083 3362 caselle
2110 3319 2226 3379 pto
2254 3320 2469 3361 annuo
2497 3301 2717 3362 affictu

255 3400 356 3459 VI
399 3400 826 3460 sextariorum
844 3398 1152 3459 frumenti
1179 3400 1318 3459 eive
1345 3418 1723 3477 quartarum
1753 3400 1837 3459 ad
1863 3418 2165 3477 quartam
2197 3398 2342 3468 Pis„
2374 3398 2453 3459 de
2486 3406 2717 3477 agusto

253 3497 412 3558 eoel.
456 3496 632 3556 Vult.
677 3494 780 3556 vel
819 3498 955 3557 eius
997 3496 1228 3557 nuntio
1268 3496 1404 3555 sive
1443 3495 1824 3557 caataldioni
1865 3499 1933 3556 in
1972 3496 2201 3557 Leccia
2242 3496 2715 3569 solvendarum3

253 3614 408 3676 pen.
455 3592 522 3653 X
561 3593 669 3653 lib.
713 3594 856 3654 den.
903 3593 1026 3653 Pis.
1112 3592 1474 3671 Raynerius
1515 3593 1618 3670 qd.
1665 3594 1886 3655 Iacobi
1926 3604 2063 3655 not.

598 3690 755 3752 Volt.
786 3691 1027 3753 AVeec.
1058 3710 1110 3751 ε.
1139 3690 1330 3751 XIII
1355 3690 1480 3751 dec.
1513 3690 1552 3751 8
1580 3711 1644 3751 n.
1677 3691 1756 3753 46
1781 3689 1954 3768 Oriq.
1986 3691 2169 3751 Liber
2209 3692 2451 3753 iurium
2490 3692 2571 3751 15
2616 3694 2717 3753 cit.

255 3888 406 3948 829.
1761 3886 1997 3955 Leccia,
2040 3886 2122 3947 29
2160 3886 2498 3948 November
2536 3884 2717 3947 1276.

381 3980 860 4053 MOCLXXVI,
890 3981 1018 4043 ind.
1067 3981 1140 4055 V,
1186 3980 1524 4042 XXVIIII
1565 4000 1711 4041 nov.
1794 3982 1940 4043 Act.
1970 3981 2208 4043 Leccie.
2293 3983 2469 4044 Pone
2511 3984 2722 4061 priore

291 4080 635 4143 ‚Victoris
675 4078 1095 4140 districtualis
1135 4078 1355 4139 Sancti
1400 4078 1758 4139 Geminiani
1801 4084 1867 4139 et
1912 4078 2281 4139 Primerano
2322 4080 2599 4157 plebano
2638 4080 2720 4139 de

256 4180 798 4258 Ripamarrancia
853 4182 930 4236 tt.
1040 4176 1504 4255 Raynorius
1565 4196 1662 4255 ep.
1721 4177 1894 4237 Vult.
1954 4180 2201 4255 accepit
2256 4180 2721 4255 possessionem

255 4278 460 4339 turris
502 4282 572 4336 et
613 4276 843 4335 domus
883 4274 964 4335 de
1003 4274 1232 4335 Loccia
1271 4275 1354 4335 de
1397 4282 1598 4350 parte,
1657 4294 1852 4352 quam
1912 4281 2175 4347 emerat,
2218 4282 2282 4333 ot
2339 4284 2439 4336 est
2492 4276 2721 4337 domus

256 4377 450 4435 iuxta
491 4375 666 4435 viam
708 4380 772 4432 et.
817 4376 1023 4450 ripam
1067 4374 1277 4433 castri.
1387 4374 1748 4451 Raynerius
1789 4373 1896 4451 qd.
1942 4374 2165 4434 Iaoobi
2217 4374 2409 4435 iudex
2463 4374 2595 4433 ord.
2640 4394 2719 4434 ex

256 4470 738 4533 abbreviatoris
779 4469 1000 4531 Iacobi
1043 4470 1146 4547 qd.
1194 4470 1434 4531 Posche
1475 4472 1696 4547 patris.
2258 4554 2261 4559 Ι

594 4569 750 4632 Volt.
785 4570 1022 4630 AVesc.
1068 4590 1114 4629 ε.
1163 4568 1348 4628 XIII
1375 4570 1496 4629 dec.
1531 4568 1569 4627 8
1599 4589 1656 4629 η..
1689 4569 1768 4627 47
1805 4568 1974 4646 Oriy.
2022 4569 2199 4629 Liba·
2243 4571 2481 4631 iuriam
2512 4570 2589 4631 15
2614 4572 2715 4631 cit.

413 4774 456 4837 ¹)
483 4774 634 4824 Fam
669 4776 748 4825 im
783 4776 976 4825 Insert.
