3817 5642
1096 529 1200 584 1⁹2
1738 529 2180 585 REGESTUM
2223 529 2906 586 VOLATERRANUM

1098 731 1233 790 563.
1432 751 1446 774 ν
2433 727 2570 788 San
2613 727 3012 805 Gimiqmvw,
3057 728 3139 788 13
3181 729 3328 789 Mai
3369 729 3546 790 1237.

1214 828 1513 888 Potestas
1554 845 1629 886 ae
1670 831 2020 904 utrumque
2063 823 2396 888 eonsilium
2443 823 2730 886 Sancti
2785 823 3255 886 Geminiani
3299 845 3546 887 eonces-

1094 931 1313 986 serunt
1356 925 1623 1004 syndico
1664 925 1954 985 comunis
1997 924 2210 984 Vult.
2255 923 2672 984 securitatem
2702 925 2999 986 veniendi
3027 943 3144 1002 pro
3177 925 3548 1003 recipiendis

1093 1025 1469 1084 iuramentis
1516 1023 1843 1084 hominum
1888 1021 2110 1084 Sancti
2153 1022 2532 1083 Geminiani.

1418 1119 1672 1182 Florem
1714 1121 1865 1180 Ast.
1917 1119 2102 1192 (Vou.
2149 1139 2212 1180 π.
2259 1119 2404 1194 439)
2449 1120 2618 1197 Oriq.
2705 1120 2822 1182 Ed.
2867 1121 3130 1181 Sontini
3171 1121 3322 1182 Doc.
3369 1123 3508 1183 447.

1098 1319 1233 1378 564.
2733 1316 3012 1387 Florem,
3055 1317 3138 1378 22
3179 1317 3330 1377 Mai
3371 1317 3550 1379 1237

1216 1416 1549 1494 Philippus
1588 1414 1699 1492 qd.
1744 1411 2060 1476 sinibaldi
2101 1413 2178 1474 de
2223 1411 2282 1474 lo
2325 1413 2574 1476 Seolaio
2617 1415 2774 1476 civis
2815 1413 2984 1475 Flor.
3029 1417 3288 1480 comuni
3330 1417 3551 1478 Vult.

1095 1513 1547 1574 refutationem
1588 1511 1747 1572 facit
1788 1529 1905 1590 pro
1949 1511 2143 1572 feudo
2186 1531 2304 1572 suo
2344 1513 2674 1573 occasione
2717 1513 3066 1590 potestarie
3091 1514 3136 1588 ¹)
3183 1513 3362 1574 Vult.

1414 1611 1669 1672 Florem
1714 1609 1861 1670 Ast.
1911 1609 2099 1686 (Volt.
2157 1629 2221 1670 n.
2266 1611 2404 1670 440.
2452 1611 2598 1688 441)
2641 1611 2786 1672 zwei
2827 1609 3043 1688 Oriqq.
3125 1611 3244 1672 Ed.
3291 1611 3554 1671 Sontini

1414 1709 1565 1770 Doe.
1608 1707 1747 1769 448.

1101 1907 1233 1966 565.
1714 1923 1721 1930 ·
2717 1903 3013 1976 Voltma,
3057 1904 3140 1964 30
3181 1905 3329 1965 Mai
3371 1906 3550 1966 1237.

1214 2002 1516 2064 Consules
1559 2009 1623 2064 et
1654 2003 1989 2064 eonsilium
2034 2002 2090 2063 V
2109 2021 2146 2061 u
2167 2004 2246 2062 lt.
2281 2005 2689 2065 constituunt
2717 2009 3197 2082 procuratorem
3225 2004 3292 2063 in
3322 2007 3549 2076 causis,

1092 2120 1253 2180 quas
1294 2099 1539 2162 habent
1578 2120 1727 2160 cum
1770 2117 2041 2162 comune
2085 2099 2376 2162 Sancti
2419 2099 2890 2162 Geminiani
2945 2119 3160 2161 coram
3219 2107 3552 2180 potestate

1094 2198 1258 2260 Flor.

1416 2297 1671 2357 Florem
1716 2297 1866 2356 Ast.
1915 2295 2104 2370 (Volt.
2149 2318 2212 2358 n.
2260 2298 2403 2360 4421
2446 2297 2618 2374 Oriq.
2707 2297 2823 2358 Ed.
2869 2297 3130 2358 Sontini
3171 2299 3322 2358 Doc.
3367 2299 3507 2358 451.

1096 2495 1233 2552 566.
2577 2493 2706 2553 San
2755 2493 3056 2570 GalqanO,
3101 2495 3136 2554 1
3179 2495 3329 2555 Jtdi
3369 2495 3551 2556 1237.

1216 2591 1589 2669 Paganus
1646 2609 1743 2667 ep.
1790 2589 1964 2652 Vult.
2010 2593 2300 2668 permisit
2343 2591 2556 2651 For-esi
2599 2591 2820 2651 abbati
2873 2611 2919 2652 s.
2965 2591 3257 2670 Galgani,
3301 2599 3380 2652 ut
3421 2613 3550 2654 mo

1094 2687 1423 2750 leudinum
1466 2687 1568 2747 vel
1608 2689 1815 2766 pluria
1856 2688 2112 2750 edifioet
2159 2691 2254 2749 vel
2298 2689 2670 2752 rehedifieet
2725 2691 2793 2751 in
2847 2690 3080 2752 Ceoina
3131 2691 3198 2752 in
3253 2695 3434 2752 curia
3475 2691 3554 2754 de

1096 2788 1453 2867 Berignone
1495 2788 1561 2848 in
1592 2788 1783 2866 plano
1812 2787 1922 2847 ubi
1949 2787 2134 2848 die.‘
2161 2788 2459 2868 Sciagum
2499 2787 2852 2850 molendini
2878 2788 3184 2867 prepositi
3213 2789 3551 2852 Casulani'

1095 2903 1297 2964 usque
1325 2885 1409 2946 ad
1432 2885 1661 2956 locum,
1690 2885 1801 2945 ubi
1830 2887 2105 2946 mittunt
2130 2885 2312 2946 Fosci
2331 2886 2395 2946 in
2419 2885 2666 2947 Cecina.
2755 2885 3276 2960 MCCXXXVIL
3307 2888 3440 2948 ind.
3471 2889 3549 2952 X.

1094 2981 1220 3042 kal.
1266 2982 1374 3042 iul.
1460 3001 1659 3062 prope
1702 2983 1972 3042 introitu
2015 2982 2164 3042 eccl.
2211 3003 2260 3043 s.
2305 2983 2592 3062 Galgani.
2679 2983 3132 3044 Gualteroctus
3173 2993 3310 3046 not.

1416 3079 1565 3158 Req.
1612 3080 1682 3138 in
1722 3099 1788 3140 n.
1834 3080 1956 3140 568
1997 3081 2128 3140 und
2167 3081 2349 3142 Liber
2391 3082 2630 3142 iuriam
2674 3080 2774 3142 10¹
2783 3128 2794 3139 .

1099 3277 1235 3339 567.
2771 3275 3054 3349 Florem,
3099 3277 3138 3336 6
3175 3275 3328 3338 Juli
3369 3277 3552 3342 1237.

1218 3375 1513 3434 Potestas
1556 3371 1723 3433 Flor.
1770 3372 1992 3432 laudat
2035 3373 2098 3432 in
2131 3373 2337 3432 causis
2367 3373 2533 3434 inter
2570 3375 2869 3436 eomunia
2911 3373 3126 3438 Vult.
3170 3381 3238 3435 et
3265 3373 3556 3438 Sancti

1096 3471 1582 3532 Geminiani.

1416 3569 1679 3630 Florem
1722 3569 1871 3628 Ast.
1914 3567 2105 3642 (Volt.
2153 3589 2214 3628 n.
2260 3569 2404 3646 443)
2447 3569 2618 3646 Oriq.
2729 3569 2843 3629 Ed.
2901 3569 3160 3630 Sontini
3215 3569 3364 3630 Doo.
3409 3571 3550 3632 453.

1422 3667 1563 3742 Req.
1608 3666 1972 3726 Davidsohn
2015 3665 2263 3726 Forech.
2311 3667 2386 3726 II
2429 3667 2509 3728 26
2549 3687 2613 3726 n.
2658 3667 2794 3727 160.

1098 3863 1236 3922 568.
2530 3863 2826 3936 Volterra,
2871 3863 2952 3924 17
2991 3863 3327 3923 November
3369 3863 3551 3926 1237.

1217 3957 1737 4027 MOCXXXVII
1782 3957 1913 4019 ind
1963 3957 2118 4034 x1)
2167 3958 2290 4022 XV
2329 3957 2455 4020 kal.
2501 3961 2636 4022 dee.
2721 3959 3088 4040 Capitulum
3137 3961 3334 4030 Vult.⁹
3381 3961 3553 4024 vide·

1097 4059 1245 4119 ficet
1292 4057 1685 4118 Lanfranous
1728 4055 2090 4128 archidiac„
2137 4060 2440 4136 magister
2495 4058 2912 4130 BrocearduS‚
2974 4053 3327 4131 Rainerius‚
3385 4059 3555 4124 Tan·

1095 4157 1340 4226 oredus,
1372 4153 1705 4216 Ootolinus
1747 4173 1907 4226 can„
1941 4157 2376 4216 consentimus
2406 4156 2768 4217 contractui
2793 4156 2970 4217 facto
2999 4177 3039 4216 a
3083 4159 3190 4218 Pa
3202 4177 3407 4236 gano
3446 4177 3551 4236 ep.

1098 4251 1273 4315 Vult.
1304 4259 1369 4314 et
1393 4252 1621 4313 Forese
1642 4251 1881 4311 abbate
1908 4271 1958 4312 s.
1991 4253 2266 4329 Galgani
2288 4257 2356 4330 ¹).
2441 4255 2586 4315 Aet.
2621 4255 2793 4314 Vult.
2828 4255 2896 4314 in
2922 4256 3232 4316 canonica
3259 4275 3308 4316 s.
3333 4255 3550 4318 Mario.

1098 4350 1498 4410 Ricovranza
1528 4347 1629 4426 qd.
1666 4349 1817 4407 Bue.
1854 4347 2072 4409 Presb.
2122 4351 2397 4412 Mat-tino
2441 4352 2856 4430 hospitalario
2885 4351 3221 4432 hospitalis
3251 4371 3299 4413 s.
3330 4351 3550 4414 Marie.

1099 4448 1388 4510 Iohanne
1429 4447 1656 4507 elerico
1698 4447 2149 4509 canonicorum
2191 4455 2271 4509 tt.
2359 4448 2788 4512 Bontalentus
2827 4452 2982 4530 imp.
3023 4450 3207 4512 Fred.
3255 4457 3386 4510 not.

1426 4543 1584 4606 Volt.
1618 4543 1856 4605 Al'eso.
1888 4565 1938 4632 3.
1971 4545 2161 4607 XIII
2186 4548 2310 4608 deo.
2339 4548 2466 4628 4²⁸·
2491 4547 2576 4609 33
2601 4547 2772 4626 Θήρ.
2855 4547 3038 4610 Liber
3062 4549 3306 4609 iuriam
3325 4547 3418 4608 10'
3445 4549 3552 4612 oie.

1245 4755 1283 4820 ι)
1322 4753 1413 4806 Im
1447 4753 1616 4806 Jahn-e
1658 4756 1809 4804 1235.
1959 4755 1998 4818 8)
2038 4755 2318 4806 Romieohe
2355 4719 2654 4806 Indckucin.
2801 4754 2844 4819 ²)
2884 4756 3028 4806 oben
3063 4772 3118 4807 n.
3159 4757 3276 4806 566.
3323 4746 3332 4754 '
