3817 5642
941 590 1320 643 REGESTU
1329 591 1384 643 M
1425 590 1476 641 V
1480 590 2109 691 OLATERizANm1
2664 592 2767 642 109

281 806 482 857 novo,
528 785 762 863 eligam
803 786 966 846 duos
1011 786 1296 847 homines
1338 785 1418 846 de
1459 790 1639 845 curte
1682 786 1762 845 de
1805 784 1941 856 Ilci,
1984 790 2053 845 et
2094 786 2191 845 tui
2246 805 2639 847 successores
2692 786 2762 846 II

281 884 372 945 de
413 883 819 955 Castelnovo,
863 890 931 945 et·
974 881 1334 944 observabo
1375 902 1594 943 eorum
1637 882 1831 944 dicta.
1879 882 1945 943 Si
1987 885 2130 961 quis
2162 882 2244 944 de
2272 882 2408 953 llci,
2438 884 2761 945 Montero·
2824 918 2833 927 ·

285 982 522 1055 tundo,
566 982 790 1042 Monte
832 980 1172 1061 Ingegneri
1201 981 1478 1041 noluerit
1504 980 1714 1041 facere
1743 986 2219 1041 sacramentum
2248 981 2415 1040 sicut
2443 1000 2581 1059 ego,
2612 1000 2756 1041 eum

283 1079 680 1142 disbanm'bo
719 1098 836 1141 nec
873 1082 1251 1159 permittam
1291 1099 1436 1140 eum
1469 1078 1763 1140 habitare
1791 1081 1859 1140 in
1887 1082 2114 1140 castris
2142 1081 2318 1151 meiS,
2350 1086 2419 1140 et
2446 1082 2495 1140 si
2528 1081 2765 1141 stando

283 1178 359 1239 in
401 1177 928 1239 disbannimento
982 1176 1338 1255 dampnum
1395 1177 1615 1237 fecerit
1669 1177 2041 1266 hominibus
2096 1178 2296 1248 Vult„
2342 1198 2471 1238 non
2524 1178 2761 1238 faciam

287 1296 520 1356 pacem
563 1296 712 1337 cum
751 1296 848 1347 00,
891 1277 1014 1338 nisi
1043 1276 1506 1337 emendaverit.
1590 1276 1734 1336 Act.
1780 1276 1848 1336 in
1896 1282 2110 1336 castro
2164 1276 2245 1336 de
2301 1275 2647 1353 Ghegzano
2696 1276 2761 1335 in

287 1374 446 1434 eccl.
477 1392 527 1433 s.
561 1373 884 1435 Germani.
971 1374 1252 1434 Ranerio
1279 1372 1359 1434 de
1389 1372 1716 1451 Colegarli.
1751 1370 2099 1433 Lamberto
2128 1372 2208 1433 de
2238 1371 2567 1451 Colegarli.
2602 1372 2758 1432 Rut-

287 1471 432 1532 fulo
473 1472 582 1550 qd.
627 1470 1000 1533 Guiccherii.
1047 1471 1330 1531 Ranerio
1370 1472 1452 1531 de
1495 1470 1914 1549 Montesperti
1959 1469 2069 1549 qd.
2114 1470 2399 1551 Henrigi.
2446 1469 2762 1532 Ildibran-

287 1569 450 1629 dino
493 1570 572 1630 de
615 1568 960 1648 Gbegzano
1001 1570 1108 1648 qd.
1148 1568 1560 1629 Sismundini.
1607 1566 1979 1629 Rubaldino
2009 1568 2116 1646 qd.
2147 1567 2560 1648 Scorcialupi.
2593 1567 2760 1628 Bon·

289 1674 564 1746 parente
628 1668 732 1748 qd.
799 1667 1146 1729 Bonefidei.
1212 1665 1549 1728 Leonardo
1609 1667 1717 1745 qd.
1773 1667 1959 1728 Gulli.
2014 1666 2268 1727 Barone
2322 1666 2431 1745 qd.
2492 1666 2757 1727 Stefani.

291 1766 670 1845 Ruggerino
711 1766 820 1845 qd.
865 1766 1192 1845 Paganelli
1236 1771 1317 1825 tt.
1401 1766 1778 1826 Vincentius
1819 1784 1869 1825 S.
1915 1766 2069 1844 imp.
2112 1770 2251 1825 not.

619 1862 886 1924 Florem
925 1863 1080 1923 Ast.
1128 1862 1320 1939 (Volt.
1365 1882 1426 1922 n.
1471 1862 1616 1938 127)
1660 1862 1832 1939 Oriq.

293 2058 440 2119 308.
1891 2055 2223 2130 Ghizzano,
2265 2057 2343 2117 11
2390 2056 2469 2115 M
2468 2076 2534 2117 aa
2578 2056 2760 2118 1213.

419 2154 784 2229 MCCXIH,
815 2156 946 2216 ind.
990 2156 1046 2227 1,
1086 2155 1258 2217 Vid.
1293 2156 1462 2216 mad.
1550 2155 2017 2217 Rainaldus
2046 2174 2259 2215 comes
2288 2155 2476 2233 ¹.)qd
2508 2156 2761 2215 comitis

289 2253 550 2314 Alberti
592 2254 791 2315 vindo
845 2254 966 2315 tibi
1015 2252 1205 2315 Gullo
1259 2255 1572 2333 potestati
1629 2253 1806 2313 Vult.
1867 2272 2089 2313 omnes
2146 2251 2454 2323 homines,
2510 2251 2758 2324 domos,

291 2352 570 2430 spactia,
599 2352 760 2412 alias
802 2370 918 2423 res,
952 2372 1078 2430 que
1107 2350 1316 2412 habeo
1355 2352 1455 2411 vel
1484 2356 1674 2429 pater
1698 2350 1932 2411 habuit
1974 2350 2042 2410 in
2082 2368 2337 2410 cassato
2376 2354 2443 2410 et
2472 2354 2653 2409 curte
2678 2348 2762 2409 de

293 2447 706 2519 Castelnovo,
749 2448 1256 2509 iurisdictionem
1305 2453 1374 2508 et
1419 2466 1628 2519 usum,
1679 2465 1874 2525 quem
1924 2452 2112 2523 pater
2157 2446 2423 2519 habuit;
2481 2446 2762 2523 pretium

291 2546 368 2607 Μ
395 2544 504 2605 lib.
536 2546 680 2641 den.
710 2545 891 2607 Vult.
933 2548 1176 2625 recepi3
1219 2545 1453 2624 obligo,
1499 2546 1675 2625 quod
1715 2544 1923 2605 habeo
1966 2548 2033 2605 in
2076 2544 2241 2605 med.
2286 2546 2480 2606 castri
2522 2545 2604 2605 de
2644 2544 2762 2605 Ilci

291 2644 436 2705 sine
466 2650 696 2704 castr0.
781 2642 926 2704 Act.
971 2645 1038 2704 in
1081 2649 1291 2704 castro
1334 2642 1415 2704 de
1455 2643 1801 2722 Ghegzano
1844 2643 1912 2702 in
1940 2642 2087 2702 eccl.
2131 2662 2180 2702 s.
2213 2640 2530 2703 Germani.
2610 2641 2761 2702 Rai-

295 2740 479 2801 nerio
519 2741 602 2801 de
643 2740 970 2821 Colegarli.
1019 2738 1365 2802 Lamberto
1407 2739 1488 2802 de
1527 2740 1850 2820 Colegarli.
1897 2740 2205 2801 Rainerio
2232 2739 2313 2801 de
2338 2740 2762 2818 Montesperti

291 2839 405 2919 qd.
452 2840 738 2920 Henrigi.
784 2839 1230 2901 Ildibrandino
1268 2840 1350 2901 de
1397 2840 1742 2919 Ghegzano
1791 2839 1901 2918 qd.
1946 2838 2356 2901 Sismundini.
2414 2838 2766 2900 Lamberto

292 2938 378 2999 de
423 2936 770 3017 Ghegzano
796 2939 906 3017 qd.
951 2940 1279 3000 Ranuccii.
1326 2937 1769 2999 Ildibrandino
1811 2936 1919 3015 qd.
1946 2937 2359 2998 Sismundini.
2392 2935 2767 2997 Rubaldino

292 3035 406 3115 qd.
453 3036 858 3114 Scorcialupi.
889 3037 1358 3115 Bonaparente
1392 3036 1498 3130 qd.
1533 3034 1881 3097 Bonefidei.
1913 3036 2249 3096 Leonardo
2278 3035 2384 3113 qd.
2418 3034 2604 3095 Gulli.
2638 3035 2763 3095 Ba·

291 3152 456 3194 rone
481 3133 590 3212 qd.
614 3134 944 3212 Stephani.
971 3134 1236 3195 Ruffulo
1257 3134 1364 3213 qd.
1396 3134 1770 3194 Guiccherii.
1803 3134 2171 3212 Ruggerino
2193 3132 2301 3210 qd.
2327 3131 2655 3212 Paganelli
2678 3137 2759 3191 tt.

2062 3326 2224 3398 Elei,
2268 3325 2350 3387 26
2392 3325 2541 3385 Mai
2580 3325 2761 3386 1213.

422 3425 553 3487 VII
594 3426 720 3487 kal.
767 3429 898 3487 iun.
984 3425 1152 3487 Gilia
1193 3445 1355 3487 uxor
1395 3426 1648 3486 comitis
1691 3422 1995 3483 Rainaldi
2022 3429 2083 3484 et
2116 3422 2223 3502 qd.
2257 3422 2525 3501 Henrigi
2568 3424 2761 3482 inter-

293 3530 534 3605 rogata
571 3526 923 3585 secundum
967 3522 1162 3584 edicti
1188 3525 1494 3603 paginam
1522 3521 1878 3582 venditioni
1905 3526 1973 3581 et
2002 3520 2379 3599 obligationi
2409 3522 2761 3593 consenti03

293 3642 420 3703 pro
461 3624 940 3683 renuntiatione
980 3622 1196 3698 accepi
1237 3639 1277 3680 a
1317 3621 1572 3681 comuni
1614 3618 1790 3679 Vult.
1835 3618 1885 3679 C
1927 3618 2036 3679 lib.
2079 3618 2225 3677 den.
2258 3617 2435 3680 Vult.
2520 3617 2666 3678 Act.
2699 3619 2765 3678 in

295 3725 518 3781 castro
558 3718 638 3779 de
680 3719 796 3779 Ilci
839 3720 906 3779 in
947 3718 1194 3796 palatio
1235 3718 1488 3777 comitis
1528 3714 1850 3775 Rainaldi.
1938 3715 2185 3775 Bellino
2214 3734 2352 3777 can.
2399 3716 2575 3776 Vult.
2606 3715 2763 3775 Mai-

297 3822 494 3878 necto
549 3815 656 3895 qd.
705 3815 987 3895 Henrigi.
1034 3814 1432 3876 Bernardino
1486 3814 1594 3892 qd.
1640 3812 1926 3873 Gerardi.
1972 3813 2412 3873 Riccomanno
2469 3813 2575 3890 qd.
2638 3810 2761 3872 Ba-

295 3915 495 3975 ronis.
541 3914 835 3975 Forciore
876 3913 984 3993 qd.
1031 3912 1430 3973 Bonaccorsi.
1475 3910 1759 3972 Mercato
1801 3908 2197 3972 castaldione
2241 3911 2346 3991 qd.
2380 3909 2763 3971 Guictonelli

297 4016 380 4071 tt.
467 4011 846 4072 Vincentius
885 4030 936 4071 s.
981 4011 1134 4088 imp.
1178 4016 1314 4069 not.

629 4108 892 4170 Florenz
933 4108 1086 4169 Ast.
1133 4107 1324 4183 (Volt.
1370 4108 1532 4168 1213
1580 4106 1633 4168 V
1674 4108 1772 4179 11,
1817 4106 2071 4182 η.124)
2112 4106 2284 4182 Oriq.

301 4306 444 4368 309.
1929 4301 2224 4373 Volterra,
2269 4302 2349 4362 24
2392 4300 2539 4361 Mai
2580 4265 2761 4361 1213.

423 4400 790 4475 ΜΟΟΧΙΠ,
821 4401 954 4463 ind.
979 4402 1033 4474 I,
1057 4402 1259 4463 VIIII
1289 4401 1415 4461 kal.
1447 4402 1579 4461 iun.
1635 4400 1931 4461 Gullus
1959 4398 2175 4459 Vult
2205 4402 2589 4477 potestas
2616 4415 2761 4458 con

299 4502 526 4565 stituit
554 4502 1024 4563 Bonaiunctam
1056 4499 1330 4561 iudicem
1356 4505 1836 4578 procuratorem
1865 4496 1953 4557 ad
1979 4497 2343 4576 recipienda.
2363 4502 2766 4558 sacramenta

302 4601 392 4663 ab
431 4598 804 4662 hominibus
844 4598 924 4659 de
965 4597 1082 4659 Ilci
1123 4604 1192 4659 et
1235 4597 1738 4659 Montisrotundi
1777 4601 1846 4657 et
1886 4614 2107 4655 eorum
2150 4594 2461 4667 curtibus,
2505 4614 2633 4672 que
2671 4593 2765 4653 fa-

453 4806 496 4870 ι)
533 4826 605 4854 τε
629 4804 898 4871 plateam,
937 4804 1049 4857 ital.
1088 4805 1289 4868 pinna.
