3817 5642
847 595 1292 650 REGESTUM
1327 594 2016 651 VOLATERRANUM

2554 598 2663 651 250

189 794 435 873 regine,
481 791 842 864 heredibus,
888 792 1182 855 Romane
1209 792 1490 855 Ecclesie
1517 800 1586 853 et
1612 812 1825 873 regem
1853 801 2243 873 gentemque
2270 814 2453 855 suam
2481 794 2659 853 adiu-

191 890 455 952 vabunt
496 895 724 951 contra
773 890 1224 951 Conradinum.
1255 890 1456 951 Versa
1496 891 1635 953 viee
1675 890 1961 952 Ubertus
2004 892 2297 969 promisit
2337 910 2405 951 se
2430 892 2526 951 ita
2566 891 2659 951 fa·

189 996 479 1059 ctutum,
523 987 698 1066 quod
741 1006 852 1049 rex
898 992 1208 1061 oestrum,
1250 988 1558 1061 homines,
1603 990 1746 1051 iura
1785 1008 2003 1050 eorum
2034 987 2332 1050 salvabit.
2364 989 2660 1049 Potestas

185 1087 458 1146 futurus
497 1084 698 1145 faeiat
740 1084 1074 1145 fidelitatis
1113 1085 1548 1145 iuramentum
1589 1090 1657 1146 et
1713 1087 1917 1164 possit
1972 1087 2170 1145 eioere
2222 1091 2551 1163 suspectos
2594 1090 2660 1145 et

185 1184 498 1245 reducere
539 1183 942 1243 extrinsecos
970 1184 1036 1258 ι).
1121 1183 1288 1242 Aeta
1329 1184 1396 1243 in
1437 1188 1650 1244 castro
1689 1181 1772 1243 de
1801 1181 1973 1243 Colle
2000 1183 2067 1243 in
2094 1180 2279 1261 plebe
2314 1202 2363 1242 s.
2394 1181 2657 1243 Alberti.

187 1280 380 1342 Cerio
419 1279 628 1341 iudice
671 1280 825 1339 olim
871 1278 1142 1341 Gentilis
1183 1280 1266 1340 de
1305 1279 1546 1341 Sancto
1587 1278 1985 1343 Geminiano.
2031 1280 2255 1341 Stoldo
2296 1280 2403 1359 qd.
2439 1279 2659 1341 Lotte-

187 1378 406 1457 ringhi
449 1377 532 1439 de
572 1376 742 1438 Flor.
790 1377 1116 1439 Panochia
1157 1376 1486 1438 Lanberti.
1539 1376 1722 1438 Gello
1779 1378 2126 1451 Guieiardi,
2171 1378 2309 1439 aliis
2350 1382 2430 1437 tt.
2528 1378 2658 1438 Ru-

183 1480 486 1556 gerottus
533 1474 832 1553 public-us
875 1481 1010 1535 not.
1055 1481 1123 1536 et
1164 1480 1318 1535 tunc
1361 1476 1654 1535 comunis
1694 1474 1774 1535 de
1818 1474 1989 1535 Colle
2030 1474 2257 1537 scriba.

520 1574 778 1633 Florem
822 1572 974 1633 Ast.
1023 1572 1239 1650 (Colle)
1283 1572 1456 1648 Oriy.
1517 1572 1580 1647 <3
1619 1572 1827 1651 Sieqd
1880 1572 2191 1650 ver-lorea).
2314 1572 2659 1650 Verqleiche

519 1670 892 1731 Davidsohn
931 1669 1368 1749 Porochunqen
1413 1669 1490 1729 II
1533 1669 1654 1731 135
1693 1691 1754 1732 η.
1800 1670 1939 1731 956.

191 1922 331 1985 776.
1840 1920 2103 1995 ViterbO,
2148 1920 2226 1981 11
2267 1920 2437 1981 «Iuni
2476 1920 2656 1981 1267.

311 2018 688 2079 Clemens
768 2018 880 2079 IV
941 2019 1253 2095 potestati
1312 2023 1378 2077 et
1439 2019 1766 2079 communi
1819 2017 1900 2079 de
1955 2016 2195 2079 Sancto
2256 2015 2655 2092 Geminiano.

187 2116 487 2189 Mandat,
545 2117 860 2195 quatinus
905 2114 1292 2191 (Albertum)
1337 2135 1437 2194 ep.
1481 2115 1659 2176 Vult.
1703 2116 1771 2175 in
1813 2117 2059 2188 castris,
2098 2115 2285 2189 villis,
2318 2116 2659 2193 possessio·

187 2216 382 2279 nibus
423 2234 560 2277 non
601 2214 967 2277 molestent.
1049 2213 1261 2276 «Cum
1301 2214 1658 2275 omnium».
1743 2212 1898 2273 Dat.
1944 2211 2215 2274 Viterbii
2252 2212 2358 2273 III
2385 2210 2654 2283 id.'iun.,

184 2320 374 2391 pont.
420 2309 686 2471 IIIl70R.
734 2409 978 2471 AVeec.
1013 2429 1063 2471 s.
1094 2408 1284 2469 XIII
1310 2410 1433 2473 dec.
1470 2412 1506 2471 7
1535 2430 1596 2469 n.
1629 2410 1710 2471 38
1738 2410 1913 2486 Oriq.
1965 2409 2182 2484 (Bulla
2220 2409 2535 2486 ver-lom).

187 2650 326 2711 777.
1019 2718 1044 2737 ·
1795 2648 2078 2721 Florem,
2122 2648 2205 2709 28
2246 2648 2434 2708 Μᾶνπ
2474 2648 2653 2709 1268.

309 2744 800 2817 MCCLXVIIL
824 2746 956 2807 ind.
987 2744 1109 2816 XI,
1140 2752 1428 2825 tempore
1457 2747 1799 2808 Clementis
1829 2746 1941 2808 IV.
2027 2746 2333 2825 Magister
2372 2746 2655 2807 Helias

185 2866 332 2907 ean.
377 2844 813 2915 Belvacensis,
859 2862 1026 2921 pape
1067 2844 1480 2923 cappellanus
1519 2851 1586 2904 et
1627 2864 1732 2923 ap.
1777 2844 1945 2905 sedis
1987 2846 2055 2905 in
2096 2842 2329 2905 Tuscia
2368 2844 2652 2916 nuntius,

185 2944 525 3003 universis.
554 2942 715 3003 Cum
747 2941 1102 3019 capitulum
1133 2947 1200 3000 et
1230 2942 1464 3001 olerum
1493 2942 1781 3003 civitatis
1807 2948 1876 3002 et
1897 2942 2062 3003 dioc.
2087 2941 2264 3003 Vult.
2288 2943 2501 3021 sepius
2524 2960 2653 3001 mo-

185 3042 524 3102 nuerimus
566 3038 814 3120 solvere
855 3036 904 3099 C
943 3037 1054 3098 lib.
1099 3039 1179 3099 de
1223 3039 1340 3111 CC,
1384 3058 1546 3118 quas
1587 3040 1753 3100 clero
1781 3039 2069 3099 civitatis
2096 3044 2161 3099 et
2190 3037 2352 3099 dioe.
2384 3038 2509 3099 Pis.
2538 3059 2654 3118 pro

181 3142 428 3201 nostris
471 3138 770 3215 expensis
811 3137 1150 3198 solvendas
1187 3139 1626 3217 imposuimus,
1671 3158 1786 3198 nec
1831 3137 2169 3209 solverent,
2200 3156 2329 3211 soe,
2372 3139 2653 3198 maxime

181 3236 525 3298 abbatiam
557 3256 607 3295 s.
643 3234 812 3295 Iusti
843 3240 909 3294 et
939 3237 1316 3315 magistrum
1347 3236 1372 3315 [
1392 3282 1577 3296 ......
1597 3236 1621 3315 ]
1646 3236 1691 3312 ²)
1723 3241 2037 3296 rectorem
2066 3254 2113 3294 s,
2152 3234 2376 3314 Angeli
2404 3254 2650 3296 exeom-

182 3334 664 3411 municavimus
707 3339 774 3393 et
819 3332 1114 3393 ecelesias
1157 3335 1440 3394 civitatis
1480 3340 1548 3395 et
1591 3332 1756 3394 dioc.
1799 3334 2145 3395 interdicto
2186 3334 2651 3411 supposuimus.

179 3433 376 3494 Nunc
440 3429 722 3509 plebano
789 3450 838 3489 S.
883 3430 1117 3509 Apiani
1181 3430 1350 3491 Flor.
1412 3428 1576 3491 dioe.
1643 3430 2113 3490 absolutionem
2169 3431 2649 3493 committimus

179 3530 328 3589 Act.
373 3530 445 3588 in
492 3525 792 3587 domibus
832 3524 1094 3587 abbatie
1119 3546 1168 3586 S.
1203 3526 1398 3587 Marie
1427 3526 1507 3587 de
1535 3527 1882 3589 Florentia.
1969 3527 2033 3586 X
2060 3526 2187 3588 kal.
2218 3546 2353 3606 apr.
2437 3528 2653 3587 Azone

181 3624 510 3689 monacho
551 3624 818 3686 abbatie
862 3630 928 3685 et
973 3624 1312 3686 Guillelmo
1360 3625 1440 3684 de
1483 3624 1669 3685 Buxo
1713 3630 1792 3685 tt.
1900 3624 2249 3686 Gaufridus
2297 3625 2509 3685 dietus
2548 3626 2651 3685 Li·

179 3730 376 3801 gator
405 3722 669 3781 clericus
717 3720 1127 3783 carnotensis
1167 3728 1304 3783 not.

519 3819 683 3881 Volt.
733 3816 954 3897 AGap.
998 3840 1058 3879 n.
1105 3820 1224 3880 161
1264 3820 1432 3897 Oriy.

183 4020 328 4079 778.
1801 4016 2069 4086 Viterbo,
2114 4016 2194 4077 17
2237 4018 2429 4094 April
2469 4018 2646 4078 1268.

307 4115 684 4176 Clemens
727 4111 836 4175 IV
880 4113 1156 4189 C(arolo)
1200 4114 1332 4193 regi
1374 4114 1601 4174 Sicilie.
1687 4114 1854 4175 Eum
1895 4118 1963 4177 in
2004 4114 2231 4175 Tuscie
2273 4114 2507 4175 finibus
2534 4117 2648 4175 im-

329 4456 374 4519 ¹)
409 4453 576 4504 Some
614 4454 717 4503 mit
755 4453 876 4503 dem
915 4454 1132 4517 veriam
1166 4454 1568 4517 qleicklautend.
1641 4455 1786 4503 Dase
1824 4454 2035 4503 damalo
2071 4456 2211 4503 auch
2254 4454 2492 4503 Volcei-ra
2529 4456 2649 4504 dem

179 4548 443 4597 Robertua
479 4544 543 4593 de
595 4542 814 4591 Lavevw
854 4544 1014 4593 einen
1049 4542 1336 4593 dhnlichen
1360 4542 1733 4593 Fidelitdteeid
1769 4542 1957 4592 leisten
1994 4551 2210 4601 mue-ate,
2250 4544 2313 4591 in
2348 4544 2467 4593 dem
2501 4545 2645 4593 aeine

179 4634 435 4695 kanstiye
471 4630 930 4681 smacereohtliche
972 4631 1214 4694 Stelluny
1258 4647 1435 4693 qenau
1477 4630 1697 4693 yereqelt
1751 4647 1880 4689 war,
1920 4632 2037 4693 qeht
2076 4648 2178 4681 aus
2214 4648 2268 4680 n.
2316 4634 2412 4681 787
2449 4632 2645 4682 her-vor.

179 4726 224 4787 ²)
263 4722 380 4771 Der
417 4720 593 4769 Name
632 4720 704 4768 iot
747 4718 921 4768 durch
959 4718 1045 4767 die
1069 4719 1278 4769 damah
1301 4720 1363 4768 in
1399 4720 1490 4768 der
1526 4718 1861 4780 papetlichen
1899 4720 2132 4768 Kanzlei
2182 4720 2425 4770 ilblichen
2461 4720 2647 4769 beiden

179 4809 398 4861 Punkte
434 4808 673 4871 qekic'rzt.
