3817 5642
914 568 1361 623 REGESTUM
1399 570 1846 626 VOLATERR
1854 572 1963 625 AN
1970 574 2089 625 [ΠΙ
2622 578 2730 629 285

251 764 343 825 de
365 764 894 838 Cavalcantibus,
918 765 1209 829 fecerunt
1229 787 1376 828 cum
1400 774 1610 829 castro
1625 768 1930 831 demoliri.
1953 772 2405 849 Deprecamur,
2420 774 2730 851 quatinus
2812 788 2817 791 ·

252 864 344 923 de
387 862 690 942 dampnis
732 870 802 923 et
841 866 1088 925 iniuriis
1131 866 1497 927 satisfacere
1539 867 1768 927 velitis.
1856 867 2005 929 Dat.
2049 868 2218 929 Flor.
2262 868 2321 931 V
2348 870 2478 944 iul.,
2508 868 2567 931 V
2596 870 2723 931 ind.

386 960 565 1021 XIII
608 980 750 1041 aug.
855 960 1020 1023 Flor.
1047 983 1238 1043 super
1264 964 1508 1042 palatio
1536 967 1840 1025 comunis,
1926 964 2435 1029 Ghierimbaldus
2459 968 2727 1029 nuntius

255 1061 558 1119 comunis
599 1059 823 1119 retulit
863 1080 930 1121 se
971 1062 1219 1121 dedisse
1260 1061 1510 1121 litteras
1549 1061 1744 1123 iudici
1787 1070 1852 1122 et
1907 1066 2206 1125 assessori
2247 1063 2423 1126 Vult.
2481 1076 2550 1125 et
2596 1085 2727 1127 non

255 1156 568 1217 habuisse
611 1158 1102 1236 responsionem.
1187 1158 1584 1230 Guillielmus
1627 1158 2108 1241 Bernalditnot.

588 1254 849 1315 Florem
892 1254 1044 1315 Asc.
1080 1254 1266 1331 (Volt.
1298 1255 1459 1316 1277
1503 1256 1636 1317 VII
1678 1256 1736 1329 5,
1779 1276 1842 1317 n.
1886 1257 2072 1331 1024)
2118 1258 2525 1335 qleichzeitiqe
2568 1259 2723 1337 C'op.

591 1354 634 1429 (⁶
657 1372 737 1413 ex
773 1354 1037 1429 registro
1080 1354 1370 1412 comunis
1411 1352 1579 1414 Flor.
1623 1352 2237 1435 a.*MCCLXXVII,
2282 1354 2412 1416 ind.
2458 1357 2516 1417 V
2543 1356 2609 1432 ').

255 1548 406 1608 843.
1869 1547 2083 1619 Sicana,
2127 1550 2209 1610 20
2248 1550 2501 1627 4u9ust
2540 1550 2721 1613 1277.

383 1644 898 1715 MOCLXXVII,
941 1646 1070 1705 ind.
1125 1645 1198 1717 V,
1247 1644 1420 1705 XIII
1475 1645 1601 1706 kal.
1645 1651 1807 1723 sept.
1903 1646 2243 1707 Talomeus
2298 1648 2411 1727 qui
2466 1646 2724 1709 Scoczia

257 1762 400 1803 voc.
446 1744 608 1803 civis
649 1742 792 1804 Seu.
836 1743 877 1802 f.
923 1744 1029 1821 qd
1074 1742 1348 1803 Renaldi
1389 1743 1609 1804 Iacobi
1645 1743 1726 1805 de
1753 1743 2089 1813 TalomeiS,
2120 1744 2409 1805 infirmus
2438 1764 2720 1823 corpore,

253 1860 460 1903 sanus
499 1846 716 1902 mente
755 1841 962 1919 presb.
995 1840 1274 1902 Salvano
1303 1860 1440 1903 can.
1471 1860 1518 1901 s.
1549 1841 1927 1903 christofori
1955 1840 2123 1913 Seu„
2153 1845 2547 1921 procuratori
2580 1843 2721 1905 Ra·

255 1961 302 2001 n
319 1939 477 1999 erii
518 1958 616 2018 ep.
641 1938 839 2009 Vult,
869 1940 1115 1999 remisit
1143 1940 1282 1999 iura
1309 1944 1380 1999 et
1405 1941 1692 2001 actiones
1719 1946 1947 2001 contra
1966 1959 2062 2017 ep.
2094 1960 2212 2019 pro
2234 1945 2417 2019 parte
2448 1940 2721 2013 Scoezie,

255 2036 413 2097 lioet
453 2037 718 2106 incerta,
759 2036 842 2097 de
877 2035 1100 2096 debito
1125 2036 1534 2097 MMMMMM
1561 2056 1754 2097 marc.
1785 2058 1941 2116 arg„
1972 2038 2038 2097 in
2068 2056 2197 2115 quo
2225 2037 2539 2097 Ranerius
2570 2039 2722 2099 olim

254 2135 440 2196 Vult.
482 2134 724 2196 electus
765 2139 905 2195 erat
946 2133 1270 2214 obligatus
1312 2135 1742 2205 Bartalome0‚
1787 2135 1999 2205 Petr0,
2044 2135 2335 2196 Renaldo
2378 2135 2421 2196 f.
2454 2135 2558 2213 qd.
2590 2134 2717 2195 Cri—

253 2232 506 2293 stofani
544 2231 767 2293 Iacobi
807 2238 876 2293 et
916 2232 1202 2311 Henrigo
1244 2237 1310 2293 et
1350 2232 1603 2293 Andree
1631 2232 1852 2293 Iacobi
1879 2239 1947 2293 et
1976 2232 2261 2293 Orlando
2292 2239 2363 2293 et
2392 2232 2719 2293 Bonifatio

254 2330 366 2408 qd.
414 2330 826 2409 Bonsignoris
867 2348 980 2390 seu
1021 2331 1320 2391 societati
1361 2330 1538 2391 Petri
1564 2335 1632 2390 et
1658 2331 1950 2391 societati
1981 2331 2256 2391 filiorum
2283 2329 2715 2409 Bonsignoris,

253 2430 422 2489 item
463 2426 544 2487 de
571 2426 794 2489 debito
819 2427 902 2488 de
929 2446 1184 2488 summa
1212 2429 1480 2507 triginta
1509 2428 1757 2488 milium
1785 2428 2211 2489 ducentarum
2238 2428 2346 2490 lib.
2376 2428 2523 2487 den.
2555 2428 2717 2497 Sen„

253 2528 330 2589 in
369 2524 608 2604 quibus
648 2525 888 2586 electus
929 2526 1018 2587 eis
1061 2525 1382 2603 obligatus
1422 2526 1565 2597 fuit,
1611 2546 1690 2585 ex
1733 2526 1967 2604 quibus
2010 2546 2158 2587 cum
2214 2527 2301 2586 ad
2344 2528 2719 2587 societatem

253 2623 517 2685 Scoozie
557 2622 698 2683 XII
739 2623 916 2683 milia
956 2623 1509 2685 CCOCLXXXVI
1551 2624 1657 2683 lib.
1689 2623 1756 2683 X
1783 2623 1894 2685 sol.
1927 2625 2313 2701 pertineant,
2344 2642 2491 2702 pars
2520 2624 2719 2702 ipsius

253 2727 358 2783 est
401 2721 732 2800 vigesimam
779 2740 1102 2782 cassatum
1145 2728 1212 2780 et
1253 2722 1758 2799 argentifodinas
1800 2722 1880 2782 de
1916 2721 2231 2783 Monterio
2260 2720 2579 2801 obligatas
2610 2720 2720 2781 ab·

251 2818 474 2879 solvit.
526 2816 590 2879 Si
646 2819 734 2878 ad
786 2818 1244 2879 alienationem
1301 2817 1612 2878 bonorum
1668 2818 2075 2897 episcopatus
2131 2837 2497 2898 processum
2552 2825 2720 2878 esset

252 2916 594 2977 occasione
634 2915 957 2977 dictorum
996 2915 1383 2987 debitorum,
1429 2916 1528 2975 ius
1569 2917 1636 2975 in
1678 2916 1832 2994 ipsis
1873 2914 2057 2976 bonis
2100 2916 2435 2976 transtulit
2478 2917 2543 2976 in
2588 2918 2718 2993 epi-

252 3033 546 3094 scopum.
591 3012 731 3073 Hec
770 3013 946 3087 fecit,
991 3016 1143 3095 quia
1184 3019 1566 3091 computata
1607 3014 1782 3074 omni
1821 3013 2138 3075 solutione
2180 3014 2301 3075 sibi
2342 3016 2590 3093 integre
2622 3034 2719 3075 sa-

253 3110 596 3171 tisfactum
637 3117 752 3171 est.
854 3110 998 3171 Act.
1042 3110 1238 3171 Senis.
1338 3110 1672 3171 Fratribus
1727 3110 2061 3183 Leonardo
2091 3102 2195 3171 'de
2250 3110 2596 3173 Glauciano
2654 3117 2719 3171 et

253 3208 528 3289 Agnello
568 3206 650 3269 de
694 3208 1104 3268 Podiobonizi
1149 3208 1279 3268 ord.
1324 3208 1475 3270 Min.
1518 3207 1879 3270 Cristofano
1925 3209 2029 3286 qd.
2073 3208 2349 3269 Renaldi
2402 3209 2484 3271 de
2525 3209 2715 3269 Talo-

253 3309 420 3369 meis
463 3312 540 3369 tt.
627 3307 838 3369 Guido
878 3305 1143 3367 Rubeus
1173 3308 1214 3383 ¹)
1260 3307 1365 3385 qd.
1409 3306 1629 3367 Iannis
1670 3308 1866 3367 iudex
1909 3312 1978 3367 et
2020 3314 2151 3367 not.

591 3404 750 3465 Volt.
795 3404 1034 3466 AVesc.
1078 3424 1127 3463 s.
1171 3403 1360 3463 XIII
1402 3404 1524 3464 dec.
1571 3404 1611 3464 8
1649 3424 1714 3463 π.
1760 3404 1840 3464 60
1881 3404 2055 3482 Oriq.

253 3603 398 3662 844.
1803 3600 2079 3669 Ploranz,
2124 3600 2205 3661 23
2248 3598 2494 3674 Auqust
2534 3599 2655 3659 127
2660 3600 2713 3661 7.

382 3698 624 3761 Gentili
663 3698 744 3759 de
787 3698 1274 3759 Bondelmontis
1315 3700 1645 3776 potestati,
1691 3696 1973 3769 consili0,
2019 3699 2275 3759 comuni
2335 3696 2547 3756 Vult.
2600 3696 2713 3757 Pe·

251 3804 398 3859 trus
441 3795 930 3859 Gonfalonerius
969 3796 1178 3875 regius
1222 3796 1516 3870 vicariuS,
1558 3794 1886 3856 conradus
1930 3796 2009 3855 de
2047 3794 2298 3854 Palatio
2340 3795 2716 3871 capitaneus

254 3916 472 3958 masse
511 3896 713 3974 partis
755 3894 1149 3965 Guelforum,
1195 3893 1351 3965 XII,
1397 3894 1731 3954 consilium
1759 3899 1825 3953 et
1853 3911 2125 3953 comune
2152 3892 2317 3951 Flor.
2403 3890 2563 3951 Cum
2598 3890 2713 3951 du-

250 3994 418 4054 dum
457 3992 542 4053 ad
585 3992 963 4051 instantiam
1006 3989 1306 4053 Guiducii
1347 3997 1415 4051 et
1457 3990 1704 4051 Bettini
1741 3990 1786 4050 f.
1831 3991 1937 4067 qd.
1980 3988 2171 4049 Ianni
2224 3987 2445 4047 Iacobi
2487 3986 2714 4048 Caval-

249 4090 468 4151 cantis
509 4088 914 4149 nobilitatem
956 4092 1238 4149 vestram
1284 4090 1695 4159 oraverimuS,
1725 4093 1802 4147 ut
1829 4080 2095 4147 domum
2124 4091 2189 4145 et
2218 4085 2465 4163 plateas
2494 4104 2715 4145 eorum

251 4190 322 4249 in
367 4185 588 4247 Monte
629 4185 980 4258 VulteraiO,
1024 4206 1149 4264 que
1189 4187 1450 4247 fuerunt
1492 4185 1802 4246 Sinibaldi
1831 4184 2258 4255 Cavalcanti5‚
2288 4184 2714 4242 restitueretis

251 4304 406 4347 cum
447 4282 890 4345 satisfactione
929 4284 1376 4363 dampnorum,
1419 4284 1819 4362 requirimus,
1845 4283 2154 4361 quatinus
2194 4298 2412 4359 preces
2456 4286 2711 4339 nostras

249 4382 469 4445 velitis
509 4382 830 4443 exaudire.
917 4380 1066 4443 Dat.
1111 4380 1274 4443 Flor.
1360 4380 1603 4443 XXIII
1645 4400 1808 4459 aug„
1853 4380 1913 4441 V
1953 4381 2083 4441 ind.

377 4480 472 4542 VI
513 4486 676 4559 sept.
760 4480 902 4541 Act.
946 4498 1137 4559 super
1175 4480 1422 4559 palatio
1450 4479 1738 4541 comunis
1766 4477 1931 4539 Flor.
2016 4477 2283 4538 Casinus
2312 4476 2580 4536 nuntius
2612 4495 2713 4536 co·

401 4694 446 4758 ι)
484 4694 647 4743 Sonat
685 4694 867 4744 Guido
904 4694 1116 4752 Iannis,
1156 4696 1248 4743 der
1284 4696 1403 4753 alte,
1454 4695 1585 4743 oben
1634 4692 1902 4753 mehr-sach
1952 4698 2216 4753 qenannte
2274 4692 2711 4741 Familiennotar

249 4787 343 4837 der
383 4784 640 4834 Tolomei.
