3817 5642
906 595 1347 664 REGES'IJUM
1386 593 2072 648 VOLATERRANUM
2609 595 2714 646 235

246 790 486 851 domos
528 789 611 849 ad
652 790 1017 850 cudendum
1062 792 1128 850 in
1169 789 1485 850 Monterio
1523 797 1588 850 et
1616 789 1960 860 facturum,
1993 789 2166 868 quod
2196 793 2456 850 moneta
2484 808 2718 868 expen-

246 889 456 948 datur
516 889 701 948 iuxta
762 908 949 968 posse
1008 907 1121 968 per
1182 887 1502 948 Tusciam.
1568 887 1743 947 Dicti
1806 889 2237 966 promiserunt
2297 887 2504 948 electo
2563 887 2722 948 dare

250 986 397 1049 IIII
456 986 603 1048 den.
661 1004 779 1064 pro
834 987 997 1048 libra
1052 992 1311 1046 monete
1368 987 1615 1046 minute
1672 985 1757 1046 ad
1812 984 1881 1045 II
1925 1005 2127 1046 annos
2167 991 2232 1046 et
2279 983 2422 1046 1111
2462 985 2608 1046 den.
2653 993 2720 1044 et

248 1085 601 1146 dimidium
631 1085 717 1144 ad
742 1083 1030 1146 residuos
1058 1083 1152 1143 VI
1182 1103 1405 1154 annosi,
1435 1103 1553 1160 pro
1579 1083 1743 1144 libra
1772 1089 2030 1144 monete
2071 1103 2284 1162 grosse
2326 1081 2529 1144 VIIII
2571 1083 2717 1144 den.

250 1182 529 1242 Facient
584 1182 757 1242 mitti
800 1199 1023 1242 omnes
1063 1181 1210 1241 den.
1254 1183 1321 1240 in
1377 1182 1681 1240 scrinium
1736 1199 1853 1240 nec
1901 1178 2285 1257 expendent,
2343 1182 2718 1259 priusquam

252 1278 605 1356 approbati
646 1280 793 1340 sint.
838 1279 902 1339 Si
947 1285 1209 1338 moneta
1250 1279 1339 1338 sit
1380 1280 1640 1338 minoris
1685 1277 1980 1354 ponderis
2025 1277 2057 1336 Ι
2099 1275 2244 1338 den.
2291 1275 2392 1338 vel
2433 1277 2522 1344 11.
2555 1277 2655 1337 vel
2689 1275 2720 1334 I

248 1395 463 1456 grano
490 1395 621 1454 arg.
654 1395 767 1454 per
794 1377 1045 1456 sagium
1076 1375 1283 1436 medie
1325 1379 1528 1447 uncie,
1575 1375 1657 1436 ob
1700 1375 1820 1436 hoc
1862 1394 1996 1436 non
2037 1381 2388 1446 remaneat,
2422 1375 2578 1452 quin
2607 1393 2716 1452 ap-

251 1473 590 1552 probetur,
634 1473 747 1534 sed
788 1476 853 1533 in
896 1474 1117 1534 alteris
1155 1473 1735 1552 approbationibus
1774 1473 2018 1534 debent
2057 1471 2336 1552 suppleri
2367 1477 2432 1548 ¹);
2477 1491 2642 1550 pena
2673 1472 2722 1532 C

256 1591 458 1632 marc.
543 1572 687 1633 Act.
720 1571 967 1631 Casulis
995 1573 1061 1630 in
1084 1571 1466 1632 dormitorio
1492 1570 1715 1650 plebis.
1804 1572 2136 1633 Bernardo
2163 1571 2488 1649 preposito
2515 1571 2720 1648 plebis

252 1675 322 1728 et
368 1667 743 1748 Inghiramo
789 1667 1035 1728 Alberti
1077 1673 1157 1728 tt.
1244 1669 1697 1730 Gualtcroctus
1740 1677 1875 1730 not.
1919 1669 1966 1728 f.
2011 1669 2122 1748 qd.
2165 1669 2517 1730 Mammoli.

592 1765 749 1826 Volt.
781 1763 1020 1825 AVeac.
1050 1783 1101 1824 8.
1131 1764 1319 1824 XIII
1348 1765 1471 1826 dec.
1504 1766 1543 1825 6
1570 1785 1632 1824 n.
1666 1765 1745 1826 65
1772 1763 1947 1842 Oria.
1993 1765 2126 1826 und
2169 1764 2436 1826 Minuit.

258 1960 402 2021 703.
1542 1959 1677 2020 San
1718 1959 2120 2036 Gimiqnano,
2167 1959 2204 2020 7
2243 1957 2500 2020 Jammr
2540 1957 2718 2018 1259.

382 2057 853 2136 Herrigheptus
892 2055 1209 2134 plebanus
1248 2077 1296 2116 8.
1347 2057 1577 2136 Reguli
1619 2057 1794 2118 Vult.
1840 2057 2029 2129 dioc„
2063 2058 2354 2137 magistri
2384 2056 2618 2117 Uberti
2643 2055 2722 2118 de

258 2155 645 2217 Cochenatis
686 2175 851 2233 pape
895 2155 1271 2216 subdiaconi
1312 2163 1379 2216 et
1434 2156 1769 2234 capellani,
1814 2157 1982 2216 sodis
2035 2153 2362 2235 pontificio
2425 2153 2722 2232 delegati

258 2251 741 2330 subdelegatus,
784 2251 1167 2312 mandatum
1210 2252 1367 2313 fecit
1408 2244 1720 2330 potestati
1762 2259 1828 2312 et
1870 2251 2238 2314 hominibus
2277 2252 2476 2312 castri
2502 2250 2722 2312 Sancti

258 2348 627 2412 Geminiani
683 2352 1013 2410 occasione
1068 2369 1256 2410 cause
1312 2351 1481 2409 inter
1532 2368 1642 2410 eos
1698 2357 1763 2410 et
1828 2351 2386 2426 (Rainerium)
2447 2348 2724 2408 electum

260 2447 443 2508 Vult.
468 2447 549 2507 de
570 2447 853 2525 quodam
880 2447 1127 2524 palatio
1155 2449 1281 2507 sito
1309 2449 1375 2506 in
1398 2453 1611 2508 castro
1636 2447 1857 2508 Sancti
1882 2447 2244 2509 Geminiani
2263 2447 2440 2507 dicto
2462 2446 2726 2507 Canova

260 2551 649 2616 vertentem,
690 2551 769 2604 ut
809 2546 1083 2606 electum
1126 2547 1195 2606 in
1235 2547 1371 2606 eius
1413 2547 1874 2624 possessionem
1919 2553 2182 2624 ponant.
2213 2543 2403 2618 Quod
2431 2546 2584 2626 quia
2613 2564 2722 2604 no·

260 2626 543 2714 luerunt,
567 2643 1151 2703 excommunicavit
1180 2661 1309 2702 eos,
1376 2643 1519 2701 Act.
1544 2644 1611 2704 in
1633 2647 1845 2704 castro
1865 2643 2089 2702 Sancti
2111 2643 2487 2703 Geminiani.
2553 2641 2722 2719 Agu-

262 2739 439 2798 stino
470 2745 539 2797 et
568 2739 849 2800 Orlando
876 2758 1018 2798 can.
1048 2738 1130 2798 de
1158 2739 1399 2799 Sancto
1426 2738 1805 2800 Geminiano
1834 2745 1901 2798 et
1929 2738 2138 2817 presb.
2181 2738 2596 2799 Aldobrando
2641 2745 2720 2798 tt.

264 2835 680 2907 MCCLVIII,
725 2835 855 2898 ind.
884 2837 977 2902 ΙΙ.
1008 2838 1113 2898 die
1140 2839 1364 2898 martis
1393 2836 1521 2898 VII
1566 2839 1691 2898 ian.
1787 2839 2228 2900 Bonaecursus
2257 2844 2391 2898 not.
2477 2837 2724 2898 Eodem

264 2934 371 2995 die
414 2933 895 3014 Herrigheptus‘
924 2934 1323 3006 Gualterum,
1370 2933 1697 3013 Iacopum,
1732 2935 2278 3014 Ingherammum,
2311 2935 2722 3006 Ubertinum,

264 3031 717 3096 Simonettam.
762 3031 1042 3104 Pizzum,
1089 3030 1349 3094 Olivum
1392 3042 1459 3093 et
1488 3051 1709 3092 omnes
1734 3031 2024 3092 homines
2052 3039 2120 3092 et
2147 3033 2444 3093 mulieres
2471 3029 2722 3092 illorum

264 3129 347 3189 de
388 3129 579 3188 Turri
616 3136 685 3190 et
724 3148 947 3190 omncs
989 3129 1165 3202 alios,
1210 3133 1321 3209 qui
1364 3137 1519 3192 sunt
1560 3133 1623 3190 in
1653 3129 1934 3208 canova,
1965 3131 2470 3192 excommunico.
2556 3130 2726 3190 Item

264 3227 607 3306 requisivit
646 3226 1001 3288 Fastellum
1041 3227 1487 3288 Florentinum
1540 3229 1745 3288 civem
1800 3233 2194 3304 potestatem
2251 3227 2472 3288 Sancti
2515 3227 2726 3288 Gemi-

266 3326 465 3403 niani,
508 3332 587 3384 ut
627 3323 965 3385 Albertum
1004 3331 1319 3386 rectorem
1360 3325 1511 3386 eccl.
1556 3344 1603 3384 8.
1650 3325 1889 3397 Quirici
1917 3333 2398 3403 procuratorem
2439 3325 2725 3386 Rainerii

268 3423 453 3482 electi
505 3425 571 3482 in
612 3423 1075 3500 possessionem
1117 3421 1375 3484 Canove
1416 3429 1705 3500 poneret.

598 3519 753 3582 Volt.
785 3519 1025 3581 AVesc.
1056 3539 1105 3580 ε.
1136 3519 1321 3580 XIII
1352 3520 1475 3581 dec.
1508 3519 1549 3580 6
1574 3539 1637 3580 n.
1664 3519 1743 3580 66
1770 3519 1942 3596 oriq.

270 3715 407 3777 704.
1798 3713 2172 3791 Beriynone,
2216 3715 2297 3776 13
2334 3714 2504 3775 Jum·
2543 3714 2723 3776 1259.

391 3813 835 3875 Rainerius
876 3813 1052 3873 Vult.
1096 3813 1335 3874 electus
1378 3814 1717 3874 constituit
1757 3813 1962 3874 Feum
2004 3813 2112 3890 qd.
2159 3811 2468 3872 Gherardi
2495 3813 2726 3874 Ciaccii

266 3910 351 3971 de
390 3911 569 3972 Vult.
610 3917 1089 3989 procuratorem
1145 3910 1229 3970 ad
1284 3909 1637 3989 petendum
1690 3911 1986 3972 foderum
2041 3912 2378 3972 annuatim
2434 3909 2725 3970 debitum

268 4009 671 4088 episcopatui
712 4013 1067 4069 castrorum
1104 4007 1655 4086 infrascriptorum
1686 4027 1803 4086 pro
1830 4029 2002 4069 anno
2031 4011 2330 4086 presenti.
2417 4008 2558 4067 Act.
2605 4009 2723 4068 Be-

270 4103 554 4181 rignone.
635 4099 875 4163 Iacobo
916 4101 1303 4180 archipresb.
1349 4101 1525 4162 Vult.
1569 4109 1637 4162 et
1678 4102 2096 4180 Ingherra-mo
2137 4101 2244 4180 qd.
2287 4099 2601 4162 Albertini
2647 4101 2726 4160 de

272 4197 578 4259 Casciano
620 4203 699 4258 tt.
822 4197 1265 4270 MOcLVHII,
1310 4198 1441 4260 ind.
1487 4200 1578 4270 ΙΙ,
1622 4199 1709 4260 id.
1754 4203 1885 4260 iun.
2010 4199 2294 4260 Nomina
2331 4206 2722 4260 castrorum:

274 4295 565 4374 AgnanO,
609 4295 811 4368 Gouo,
856 4295 1541 4377 GabretossQuercetO,
1600 4297 1934 4372 MiccianO,
1993 4295 2329 4370 Libbiano,
2387 4297 2723 4374 Ripamar-

272 4395 507 4467 rancia,
563 4392 773 4466 sassa,
828 4393 1261 4466 Montemfoli‚
1320 4395 1621 4467 BurianO,
1680 4394 2157 4465 Montecerboli‚
2209 4395 2452 4466 Leccia,
2513 4393 2722 4465 88880,

420 4615 465 4680 ¹)
507 4616 809 4680 Veraloichc
851 4631 874 4667 ο
896 4617 1115 4666 Bistam
1162 4619 1277 4666 und
1316 4618 1778 4679 Geldwirtschalt»
1813 4618 1883 4667 11
1925 4621 2027 4668 302
2067 4619 2417 4682 Anmerkunq
2459 4621 2506 4669 53.
2589 4608 2729 4668 Uber

275 4707 395 4756 eine
430 4705 639 4766 fritlam
678 4705 1065 4769 Verplc‘indunq
1116 4707 1207 4756 des
1259 4708 1327 4756 M
1334 4708 1613 4770 finzreqals
1662 4707 1828 4756 durch
1878 4709 2037 4756 einen
2087 4708 2309 4768 Biechof
2345 4723 2446 4758 von
2489 4709 2728 4758 Volterra

276 4793 417 4843 siche
454 4793 581 4842 oben
617 4809 669 4842 η.
710 4795 828 4843 363.
