3817 5642
1063 567 1132 618 28
1707 565 2153 620 REGESTUM
2192 565 2877 620 VOLATERRANUM

1064 759 1276 822 Volot.
1337 781 1454 840 per
1509 780 1886 822 eonsensum
1936 760 2341 822 sacerdotum
2383 781 2525 821 can.
2569 760 2812 821 fratum
2842 763 2885 836 Ι)
2930 779 3215 822 meorum
3260 779 3368 820 seu
3431 760 3521 820 le-

1063 860 1234 918 vitas
1291 859 1501 938 adque
1555 860 1798 920 eiratioi
1855 859 1963 920 lib.
2014 877 2185 920 nom.
2230 857 2317 919 do
2368 863 2568 937 atque
2622 859 2809 919 firmo
2860 858 3028 919 Urso
3080 857 3126 918 f.
3158 857 3222 917 b.
3254 877 3337 916 m.
3387 857 3519 919 Do-

1063 955 1320 1017 miniehi
1366 956 1533 1018 med.
1577 957 1658 1016 de
1697 958 1948 1018 cassina
1990 975 2101 1016 seu
2143 963 2313 1017 sorte
2354 957 2421 1016 in
2464 956 2604 1017 loeo
2642 955 2937 1016 Termine
2978 975 3179 1034 prope
3234 953 3383 1015 villa
3439 955 3520 1015 de

1063 1053 1328 1132 Figline,
1393 1055 1522 1114 iam
1577 1074 1625 1114 r.
1683 1073 1797 1132 per
1855 1055 2058 1114 Eritio
2112 1053 2321 1132 presb.
2378 1059 2447 1114 et
2504 1053 2777 1114 Iohanni
2833 1073 2933 1133 gg.
3000 1059 3134 1126 tuo,
3192 1055 3520 1130 pertinens

1041 1151 1142 1210 -de
1183 1150 1368 1230 plebe
1397 1170 1446 1210 s.
1479 1151 1658 1213 Filici
1687 1154 1814 1213 sito
1843 1151 2264 1229 Viilamagna,
2285 1171 2403 1230 pro
2430 1169 2607 1229 pene.
2632 1169 2847 1212 annus.
2876 1151 2941 1210 in
2969 1149 3116 1210 fest..
3146 1169 3195 1210 s.
3220 1150 3425 1209 Maria
3454 1151 3520 1209 in

1063 1255 1292 1326 agusto
1333 1269 1466 1329 arg.
1509 1247 1654 1310 deu.
1686 1269 1797 1310 sex
1825 1249 1886 1310 b.
1920 1269 2062 1328 exp.
2094 1249 2301 1328 qualis
2330 1267 2441 1326 per
2470 1253 2669 1326 temp.
2698 1267 2777 1320 o.;
2807 1267 2953 1326 pen.
2983 1267 3118 1328 arg.
3148 1248 3259 1307 soi.
3294 1247 3517 1308 XXX.

1062 1344 1206 1405 Act.
1250 1344 1598 1407 Voloterre.
1695 1346 1997 1407 Anselmo
2024 1344 2365 1406 archidiac.
2410 1365 2491 1405 ss.
2536 1344 2597 1404 S.
2630 1363 2715 1406 m.
2760 1345 2928 1406 Ursi.
2956 1345 3169 1406 Teuzo
3195 1344 3407 1423 presb.
3452 1351 3519 1405 et

1038 1463 1201 1503 ean.
1247 1443 1473 1504 Petrus
1516 1442 1724 1522 presb.
1755 1451 1821 1503 et
1849 1463 1991 1504 ean.
2033 1443 2248 1504 Teuzo
2288 1441 2494 1521 presb.
2526 1449 2593 1503 et
2620 1461 2761 1503 ean.
2793 1441 3019 1503 Albizo
3060 1443 3256 1502 levita
3284 1449 3351 1502 et
3372 1461 3516 1502 ean.

1062 1539 1380 1601 Iohannes
1408 1541 1606 1602 levita
1631 1549 1700 1602 et
1727 1561 1868 1602 can.
1916 1541 2143 1600 Petrus
2170 1541 2333 1601 diae.
2366 1545 2433 1600 et
2466 1559 2608 1600 ean.
2640 1538 2961 1603 Iohannes
2988 1540 3250 1600 clericus
3276 1547 3345 1600 et.
3373 1559 3516 1600 ean.

1063 1637 1206 1699 Allo
1245 1637 1457 1717 presb.
1502 1645 1570 1698 et
1607 1658 1748 1700 ean.
1807 1639 1832 1718 [
1840 1683 2023 1699 ......
2028 1639 2122 1718 ]’)
2166 1657 2245 1698 ss.
2306 1637 2365 1698 S.
2413 1657 2499 1698 m.
2557 1636 2754 1698 Uuidi
2796 1637 2840 1698 f.
2886 1637 2949 1697 b.
3007 1657 3089 1698 m.
3138 1637 3517 1716 Teudinghi.

1041 1733 1213 1815 ‘[...]
1239 1740 1504 1814 ²)matus
1547 1735 1658 1816 [..]
1739 1735 2133 1815 [Gherardus
2174 1741 2311 1797 not.
2356 1735 2603 1814 inp.]’).

1394 1833 1550 1895 Volt.
1597 1833 1816 1912 ACap.
1860 1854 1924 1894 n.
1955 1833 2037 1894 38
2064 1831 2235 1910 Oriq.

1041 2029 1161 2090 '78.
2474 2027 2843 2105 Beriqnone,
2888 2027 2970 2088 16
3012 2027 3334 2088 Dezember
3376 2027 3515 2087 990.

1183 2125 1682 2206 Nongentesimo
1704 2127 2139 2204 octuagesimo
2166 2127 2495 2204 decimo')‚
2526 2125 3052 2205 septimodecimo
3070 2125 3187 2186 eal.
3212 2126 3359 2198 ian„
3386 2125 3515 2186 ind.

1057 2224 1271 2283 tertia.
1331 2225 1624 2284 Petrus
1651 2231 1718 2284 et
1745 2222 2271 2302 Uualberto⁸)
2300 2245 2403 2304 gg.
2427 2223 2897 2284 f.Uualderade
2926 2225 3340 2285 convenimus
3366 2243 3517 2283 eum

1059 2318 1471 2380 Uualderada
1526 2341 1650 2400 que
1704 2319 1902 2380 R-otia
1958 2341 2096 2382 voe.
2142 2341 2241 2400 gg.
2286 2328 2525 2394 nostra,
2582 2321 2627 2380 f.
2672 2319 3097 2394 Uualderade,
3141 2340 3267 2399 que
3323 2319 3518 2382 modo

1060 2438 1126 2478 es
1169 2418 1393 2478 mulier
1435 2419 1734 2480 Romaldi
1775 2419 1884 2496 qui
1929 2417 2203 2481 Corbulo
2258 2437 2419 2490 voc„
2464 2425 2533 2479 ut
2580 2418 2661 2479 de
2702 2419 2935 2480 nostris
2976 2419 3159 2490 casis,
3215 2417 3516 2488 castelliS,

1061 2517 1242 2586 tocie,
1286 2517 1607 2594 cappelliS,
1653 2516 1968 2588 casalini&
2014 2519 2201 2577 sortis
2229 2523 2295 2577 et
2324 2515 2513 2578 rebus
2556 2517 2623 2577 in
2662 2517 2802 2578 loca
2842 2515 3165 2596 Bergnoni
3199 2535 3347 2576 eum
3377 2517 3518 2594 ipso

1061 2619 1272 2672 castro
1314 2613 1488 2692 quod
1530 2614 1790 2675 castello
1835 2634 1973 2675 voc.
2018 2617 2153 2674 sive
2195 2617 2260 2674 in
2304 2617 2692 2694 Naquaviva
2719 2621 2785 2674 et,
2815 2616 2881 2674 in
2908 2613 3288 2692 Gavignano
3316 2622 3517 2692 atque

1061 2710 1124 2768 in
1169 2709 1467 2769 Nomuna
1510 2710 1720 2788 adque
1763 2711 1828 2770 in
1869 2711 2289 2771 Vallemaiore
2332 2712 2465 2770 sive
2507 2712 2573 2773 in
2614 2711 2965 2788 Nargnano
3004 2710 3139 2770 sive
3180 2709 3319 2769 aliis
3359 2709 3517 2769 loeis

1061 2809 1294 2866 nostris
1338 2806 1566 2868 Petrus
1609 2813 1672 2866 et
1716 2806 2053 2868 Uuabertu
2082 2812 2125 2885 ¹)
2170 2815 2561 2886 potestatem
2602 2828 2731 2868 non
2775 2806 3126 2868 habeamus
3166 2807 3515 2885 quiequam

1061 2903 1380 2965 alienandi
1420 2939 1502 2950 —-
1543 2906 1660 2964 nisi
1707 2908 1769 2964 in
1812 2907 2183 2984 morgineap
2227 2905 2309 2968 ad
2352 2905 2637 2984 legitima
2692 2907 2959 2982 coniuge
3010 2911 3233 2965 nostra
3272 2938 3355 2948 —
3394 2905 3517 2964 nisi

1061 3003 1126 3062 in
1169 3001 1665 3074 Uualderadam,
1709 3011 1774 3062 et
1818 3002 1870 3062 si
1914 3002 2031 3063 tibi
2068 3001 2237 3064 bona
2266 3003 2553 3082 quolibet
2584 3003 2835 3082 ingenio
2862 3001 3241 3072 dederimus,
3274 3001 3516 3062 habeas

1059 3097 1185 3169 illa,
1231 3103 1566 3176 tamquam
1610 3098 1729 3159 tibi
1774 3100 2397 3170 venumdaverimus‚
2444 3109 2507 3159 et
2550 3101 2811 3178 insuper
2850 3117 2994 3177 pen.
3052 3117 3515 3176 componamus

1059 3214 1190 3274 arg.
1237 3195 1344 3255 lib.
1389 3197 1479 3266 C.;
1525 3197 1672 3257 lono
1714 3203 1778 3256 et
1825 3198 2052 3257 merito
2081 3199 2431 3276 recepimus
2461 3217 2499 3258 a
2530 3197 2939 3258 Uualderada
2969 3203 3037 3256 et
3068 3194 3387 3256 Romaldo
3416 3198 3515 3254 vir

1059 3297 1210 3351 tuus
1252 3293 1338 3354 ad
1377 3293 1632 3354 finitum
1675 3301 1741 3354 et.
1781 3293 2135 3356 deliberato
2177 3297 2384 3372 pretio
2425 3296 2591 3355 inter
2634 3314 2763 3372 arg.
2800 3299 2867 3354 et
2910 3293 3068 3354 alias
3108 3293 3403 3354 movilias
3447 3295 3513 3352 in

1059 3390 1171 3448 sol.
1215 3389 1354 3451 LX.
1439 3391 1582 3452 Act.
1615 3392 1752 3452 loeo
1783 3391 2099 3470 Bergnoni
2144 3395 2467 3452 territurio
2494 3391 2977 3454 voloterrensis
3048 3390 3275 3450 Petrus
3318 3409 3399 3450 se.
3446 3390 3511 3452 S.

1061 3507 1144 3546 m.
1189 3487 1546 3574 Uualberti.
1591 3488 1979 3550 Ildebrandi.
2012 3510 2072 3568 q.
2106 3488 2327 3551 Ilditio
2368 3510 2506 3550 voc.
2537 3490 2583 3550 f.
2615 3490 2677 3550 b.
2710 3509 2795 3550 m.
2828 3491 2985 3550 item
3014 3488 3383 3550 Ildebrandi
3426 3494 3508 3548 tt.

997 3591 1126 3647 ,et
1167 3587 1374 3662 pret-io
1413 3585 1610 3646 dante
1652 3586 1803 3646 vidi.
1849 3587 1911 3648 S.
1958 3607 2043 3647 m.
2088 3587 2326 3648 Siifridi
2367 3608 2429 3666 q.
2476 3587 2636 3648 Sitio
2678 3608 2739 3647 v.
2768 3587 2816 3647 f.
2850 3588 2905 3648 b.
2938 3605 3023 3646 m.
3068 3587 3224 3646 item
3263 3585 3511 3646 Aifredi

1057 3688 1192 3742 not.
1239 3688 1318 3742 tt.
1363 3693 1428 3743 et
1471 3686 1681 3762 pretio
1720 3685 1921 3746 dante
1962 3685 2115 3745 vidi.
2161 3685 2222 3744 S.
2268 3705 2351 3744 m.
2398 3685 2687 3746 Uuifredi
2730 3685 2775 3744 f.
2821 3683 2883 3744 b.
2930 3703 3014 3742 m.
3054 3683 3280 3744 Iovani
3322 3689 3405 3743 tt.
3442 3689 3507 3744 et

1057 3781 1264 3858 pretio
1292 3780 1490 3842 dante
1520 3781 1674 3842 vidi.
1719 3781 1782 3841 S.
1827 3801 1913 3842 m.
1946 3782 2219 3843 Almiehi
2248 3783 2293 3843 f.
2325 3782 2387 3843 b.
2420 3803 2504 3842 m.
2538 3781 2838 3842 Balduini
2868 3787 2949 3841 t-t.
2981 3787 3047 3841 et
3076 3783 3283 3860 pretio
3310 3778 3511 3841 dante

1058 3875 1210 3937 vidi.
1259 3877 1554 3938 Donatus
1594 3877 1788 3940 iudex
1830 3882 1960 3958 inp.
2008 3902 2089 3940 se.
2176 3881 2468 3942 Uuinitio
2510 3885 2644 3940 not.

1381 3976 1542 4038 Volt.
1586 3975 1806 4054 AC'ap.
1851 3999 1913 4037 n.
1960 3979 2059 4048 29,
2104 3979 2223 4038 980
2252 3981 2329 4052 (l)
2372 3977 2543 4054 Oriq.

1037 4169 1157 4230 79.
2710 4173 2770 4233 U
2777 4172 3057 4249 liquam,
3102 4172 3139 4230 1
3166 4171 3338 4231 Jum·
3364 4171 3507 4232 991.

1177 4267 1677 4347 Nongent-esimo
1718 4273 2132 4352 nonagesimo
2172 4273 2398 4349 primo,
2442 4271 2567 4330 kal.
2614 4271 2769 4340 iun..
2812 4268 2944 4330 ind.
2988 4275 3241 4347 quarta.
3350 4269 3509 4330 Con-

1055 4367 1236 4425 venit,
1277 4367 1445 4428 inter
1487 4367 1782 4428 Petrus
1822 4369 2035 4429 Volot.
2080 4389 2178 4447 ep.
2222 4388 2469 4429 necnon
2514 4367 2972 4427 Adalberto
3024 4366 3072 4425 f.
3118 4364 3179 4425 b.
3225 4384 3309 4425 m.
3356 4364 3507 4426 Ildi·

1055 4460 1230 4522 baldi
1271 4465 1382 4542 qui
1423 4464 1643 4525 Ilditio
1685 4485 1823 4525 voc.
1869 4466 1949 4525 de
1990 4468 2515 4526 commutatione.
2557 4465 2789 4526 Petrus
2830 4463 3010 4525 dedit
3050 4481 3183 4524 una
3224 4463 3402 4540 petia
3442 4464 3511 4522 in

1055 4559 1441 4640 Ulingnano,
1484 4560 1598 4622 ubi
1639 4562 1830 4623 modo
1873 4583 2011 4622 voe.
2057 4583 2096 4623 a
2140 4563 2372 4634 Canne,
2418 4582 2549 4623 uno
2588 4581 2751 4640 capo
2798 4567 2979 4623 tenet
3034 4562 3101 4622 in
3141 4559 3388 4620 fossat-0
3442 4565 3511 4620 et

1201 4765 1240 4826 ¹)
1279 4765 1368 4816 So.
1515 4766 1556 4828 ²)
1607 4767 2067 4829 Weqqeachniuen.
2212 4766 2255 4828 ὃ)
2296 4767 2414 4814 Aue
2452 4765 2765 4816 Uualbertu
2800 4779 2933 4814 corr.
