3817 5642
1075 542 1180 591 114
1719 538 2165 593 REGESTUM
2204 540 2310 593 VO
2320 540 2887 595 LATERRANUM

1071 736 1154 797 de
1197 736 1409 797 Roma
1447 754 1564 813 pro
1605 737 2101 805 consecratione,
2146 736 2245 797 CC
2288 734 2396 797 lib.
2442 754 2559 813 pro
2586 735 2811 797 eodem
2840 736 3051 809 factm
3094 742 3161 797 et
3196 756 3312 815 pro
3338 756 3531 817 expe-

1071 834 1308 895 diendo
1327 834 1550 895 debito
1571 833 1734 895 DCC
1763 832 1894 903 lib„
1926 852 2091 911 quas
2116 840 2409 895 tenemur
2436 832 2589 894 dare
2620 834 2889 895 Belforti
2917 834 3027 913 qd.
3060 834 3527 907 Bonefidant-ie‚

1071 951 1346 1012 quarum
1368 931 1484 994 XC
1507 931 1927 1009 expendimus
1948 948 2063 1009 pro
2092 938 2381 993 restauro
2410 932 2649 993 roderis
2668 932 2749 992 de
2782 932 3329 1012 Ripamarrancia,
3354 933 3531 1009 quod

1069 1038 1258 1113 pater
1299 1032 1570 1092 Belforti
1610 1030 1896 1091 vendidit
1951 1030 2185 1091 Baroni
2226 1030 2579 1109 symeonis
2626 1050 2743 1109 pro
2784 1033 3047 1103 intrata,
3090 1051 3287 1110 quam
3344 1040 3531 1110 pater

1067 1129 1224 1191 feeit
1265 1148 1384 1209 pro
1425 1126 1812 1190 Ildebrando
1852 1127 2032 1187 Vult.
2076 1146 2200 1205 ep„
2256 1128 2373 1189 CX
2428 1126 2711 1189 Belforte
2758 1128 2943 1189 nobis
2990 1130 3305 1189 mutuasti
3352 1128 3529 1207 apud

1067 1228 1476 1299 Monterium‚
1519 1224 1787 1288 OOCXC
1829 1244 1947 1303 pro
1988 1223 2173 1285 nobis
2212 1224 2446 1285 dedisti
2478 1224 2779 1287 Luctario
2822 1224 3115 1286 Bertuldi
3156 1244 3277 1305 pro
3300 1228 3525 1306 pigno·

1067 1326 1244 1389 ribus
1283 1324 1722 1403 recolligendis
1761 1321 2061 1401 obligatis
2103 1322 2407 1384 Luctario
2448 1323 2532 1383 ab
2576 1322 2965 1385 Ildebrando
3002 1343 3103 1403 ep.
3148 1343 3265 1403 pro
3312 1324 3525 1385 Dooc

1067 1426 1196 1497 lib„
1229 1431 1297 1485 et
1324 1421 1440 1484 CX
1473 1421 1754 1483 Belforte
1783 1421 2099 1481 mutuasti
2124 1419 2328 1492 nobis,
2358 1422 2469 1499 qui
2496 1440 2607 1481 eas
2632 1421 2927 1482 dedimus
2954 1420 3533 1485 transfretantibus

1067 1524 1240 1586 ultra
1281 1542 1458 1584 mare
1485 1556 1566 1567 -—
1593 1520 1911 1581 tradimus
1954 1518 2222 1579 Belforti
2264 1524 2333 1581 et
2362 1519 2740 1598 Bonaguide
2780 1526 3067 1583 nostram
3108 1522 3277 1583 med.
3312 1522 3527 1582 doane

1067 1622 1216 1683 salis
1256 1628 1326 1683 et
1365 1620 1562 1681 salem
1593 1620 1794 1697 ipsius
1823 1615 2190 1677 medietatis
2216 1614 2301 1675 ad
2330 1614 2454 1677 XV
2484 1634 2691 1677 annos
2714 1616 2797 1677 de
2824 1634 2995 1695 aqua
3022 1620 3338 1679 moiarum
3367 1620 3409 1693 ¹)
3440 1619 3523 1679 de

1065 1717 1539 1798 Montegemoli,
1583 1714 1927 1787 Quareeto,
1972 1712 2173 1784 Gello,
2216 1712 2616 1784 Palombaia,
2660 1714 3210 1793 Ripamarraneia,
3254 1720 3325 1775 et
3363 1715 3527 1775 obli-

1065 1837 1290 1897 gamus
1316 1816 1500 1877 vobis
1528 1817 1618 1873 eis
1659 1813 1876 1873 omnia
1918 1813 2205 1891 pignora,
2249 1830 2377 1890 que
2417 1809 2734 1873 habuistis
2772 1812 2859 1873 ab
2898 1830 2998 1889 ep.
3030 1812 3115 1873 ab
3158 1813 3393 1891 Alpino
3434 1812 3517 1873 ad

1065 1918 1353 1977 Mentem
1383 1912 1642 1973 Rodulfi
1660 1916 1706 1989 ²)
1735 1917 1800 1971 et
1829 1908 1917 1969 ab
1946 1908 2121 1969 Hera
2148 1908 2233 1969 ad
2261 1908 2580 1977 Ceoinnm.
2602 1910 2983 1987 specialiter,
3004 1911 3311 1989 quioquid
3341 1911 3517 1973 Vult.

1065 2016 1218 2077 ecel.
1247 2013 1444 2074 habet
1473 2010 1557 2071 ad
1586 2008 1857 2079 Gallum,
1899 2007 2262 2079 Casalliam,
2294 2008 2657 2087 Agrianum.
2744 2008 2887 2069 Act.
2933 2009 3109 2069 Vult.
3156 2011 3221 2069 in
3262 2030 3533 2071 camera.

1063 2112 1290 2191 palatii
1315 2129 1417 2189 ep.
1501 2108 1814 2186 Magistro
1853 2103 2093 2164 Iacobo
2134 2104 2245 2184 qd.
2276 2104 2585 2167 Saasonis.
2618 2104 2921 2165 Rainerio
2948 2106 3154 2165 iudice
3182 2106 3289 2184 qd.
3322 2106 3517 2185 Lispi.

1067 2210 1316 2269 Barone
1343 2206 1454 2285 qd.
1485 2202 1816 2281 Stephani.
1849 2200 2273 2279 Forteguerra
2302 2200 2511 2259 iudice
2538 2201 2619 2259 de
2640 2200 2881 2261 Sancto
2900 2200 3173 2261 Miniato
3194 2208 3273 2261 tt.
3360 2202 3522 2262 Bar·

1063 2306 1424 2367 tholomeus
1463 2308 1600 2364 not.

1391 2400 1552 2463 Volt.
1599 2398 1836 2460 AVeac.
1879 2416 1931 2456 ε.
1976 2394 2165 2455 XIII
2204 2396 2329 2455 dec.
2360 2398 2400 2457 2
2428 2416 2490 2455 n.
2522 2395 2603 2456 16
2630 2394 2802 2471 Oria.
2914 2397 3028 2457 Ed.
3068 2397 3289 2458 Giaoki
3312 2408 3333 2435 ²
3372 2400 3519 2459 472.

1063 2600 1200 2661 323.
2660 2594 2957 2669 (Arezzo),
2987 2593 3028 2653 8
3052 2592 3305 2654 Oktober
3332 2594 3523 2655 1211.

1183 2695 1378 2759 Vobis
1422 2692 1702 2752 Mai-lino
1743 2710 1842 2768 ep.
1885 2696 1955 2749 et
1994 2689 2376 2749 Oortisonno
2418 2690 2745 2767 preposito
2786 2690 2961 2751 Aret.
3006 2708 3359 2769 conqueror
3410 2692 3519 2751 Vi-

1059 2812 1344 2856 eecomes
1387 2792 1742 2851 advocatus
1771 2788 1906 2847 sive
1934 2786 2215 2848 sindicus
2258 2786 2567 2865 Pagani
2607 2806 2707 2865 ep.
2736 2788 2915 2849 Vult.
2944 2787 3027 2849 de
3055 2788 3243 2849 Gullo
3270 2796 3525 2851 rectore

1061 2894 1234 2953 Vult..
1279 2898 1343 2951 et
1387 2889 1664 2954 comuni,
1707 2886 1882 2963 quod
1926 2886 2159 2945 iniuste
2188 2885 2435 2945 detinet
2466 2885 2967 2945 iurisdietionem
2996 2892 3352 2947 cast-rorum
3386 2886 3519 2947 Ro·

1060 2991 1213 3060 veti,
1243 2988 1532 3055 Cannefi,
1565 2984 1822 3053 caselle,
1867 2982 2147 3051 Miciani,
2191 2980 2464 3050 Libiani,
2516 2982 2797 3051 Buriani‚
2830 2982 3061 3053 Pietre,
3092 2982 3517 3061 Villemagne‚

1060 3089 1272 3167 Nigro,
1327 3092 1390 3145 et
1453 3083 1798 3143 molestant
1855 3080 2313 3157 posses-sionem
2370 3086 2723 3138 castrorum
2782 3078 3263 3151 Montisviridis,
3322 3078 3513 3155 Saite,

1061 3186 1361 3259 Querciti‚
1409 3186 1472 3243 in
1514 3180 1746 3259 quibus
1787 3180 2047 3237 nomine
2086 3178 2496 3253 episcopatus
2538 3182 2605 3237 et
2646 3178 2995 3237 comitatus
3034 3196 3198 3257 nego
3240 3197 3523 3239 comune

1057 3287 1154 3345 ius
1197 3283 1451 3343 habere.
1499 3280 1668 3339 Item
1712 3277 2143 3355 pronuntietis
2174 3276 2423 3334 irritum
2454 3273 2792 3335 arbitrium
2820 3275 3049 3335 datum
3094 3294 3285 3354 super
3316 3276 3515 3355 Ripa-

1057 3382 1382 3442 marancia
1424 3400 1462 3439 a
1509 3376 1775 3445 Bifuleo‚
1823 3374 2088 3445 Uberto,
2137 3374 2273 3432 aliis
2314 3374 2479 3433 inter
2522 3372 2967 3433 Ildibrandum
3017 3374 3127 3452 qd.
3184 3375 3361 3435 Vult.
3406 3394 3517 3455 ep.

1057 3486 1125 3542 et
1165 3498 1454 3547 comune,
1499 3494 1616 3553 pro
1669 3472 1903 3551 quibus
1960 3470 2258 3531 omnibus
2312 3489 2581 3531 comune
2628 3471 2929 3549 episcopo
2982 3478 3081 3531 est
3134 3470 3513 3533 obnoxium.

1056 3575 1452 3647 MCCXIIII,
1499 3574 1878 3636 Innocentio
1920 3590 2109 3648 papa.
2160 3568 2319 3629 VIII
2362 3570 2447 3630 id.
2490 3577 2641 3639 oet„
2686 3567 2816 3629 ind.
2862 3569 2985 3629 111.

1379 3676 1416 3735 I
1421 3680 1582 3734 neeri
1612 3674 1682 3733 in
1711 3690 1773 3730 π.
1804 3670 1945 3731 342.

1059 3874 1196 3935 324.
2622 3862 2904 3935 Florem,
2934 3865 3012 3925 21
3042 3863 3297 3925 Oktober
3323 3865 3513 3927 1214.

1179 3971 1496 4031 Iohannes
1525 3986 1623 4043 ep.
1655 3964 2061 4023 Florentinus
2090 3959 2589 4020 controversiam
2620 3962 2789 4020 inter
2820 3960 3029 4037 presb.
3059 3962 3331 4022 Paulum
3362 3983 3509 4042 pro·

1049 4076 1414 4131 curatorem
1457 4064 1842 4143 (Pagani)
1888 4080 1989 4139 ep.
2032 4060 2209 4119 Vult.
2255 4066 2316 4118 et
2366 4058 2711 4118 Vivianum
2754 4057 3061 4119 abbatem
3102 4058 3183 4121 de
3211 4060 3513 4124 Mori-ono

1053 4186 1242 4246 super
1290 4162 1654 4226 obedientia
1707 4158 1933 4221 debita
1986 4160 2286 4235 episcopo
2340 4176 2381 4215 a
2434 4154 2639 4231 presb.
2700 4155 2985 4217 Orlando
3038 4158 3367 4235 capellano
3418 4161 3507 4222 de

1047 4267 1346 4327 ‘Mori-one
1397 4280 1507 4339 per
1555 4259 1892 4319 arbitrium
1948 4256 2315 4315 diffinimus
2415 4255 2561 4313 Act.
2620 4252 2943 4315 Florentio
2984 4257 3049 4315 in
3102 4256 3349 4333 palatio
3398 4278 3507 4337 ep.

1047 4360 1452 4429 MCCXIIII,
1499 4358 1632 4417 XII
1677 4357 1802 4415 kal.
1847 4374 2019 4419 nov..
2062 4352 2193 4411 ind.
2240 4351 2342 4411 III
2426 4370 2589 4427 pree.
2636 4358 2716 4411 tt.
2762 4352 2969 4428 presb.
3002 4352 3270 4415 Rustico
3296 4357 3511 4432 priore

1043 4474 1099 4522 ²3.
1139 4461 1338 4520 Marie
1379 4456 1654 4516 maioris.
1709 4452 1917 4513 Presb.
1969 4450 2383 4509 Boniohanne
2420 4448 2625 4525 presb.
2670 4468 2720 4507 s.
2768 4449 3237 4527 Apostolorum.
3282 4452 3501 4515 Presb.

1053 4557 1311 4620 Donato
1355 4557 1560 4634 priore
1599 4552 1680 4611 de
1723 4552 2017 4628 Ugnano.
2065 4545 2339 4625 Ugolino
2380 4545 2605 4606 Albizi.
2658 4546 2945 4608 Gferardo
3002 4547 3245 4609 Rubeo.
3292 4550 3509 4621 Leone

1201 4766 1238 4830 1)
1279 4762 1430 4814 moia
1467 4764 1536 4811 iat
1572 4762 1658 4811 die
1681 4757 1993 4819 Salzquelle.
2074 4762 2113 4814 “·)
2154 4754 2311 4801 Siehe
2350 4768 2401 4803 n.
2428 4755 2541 4807 313.
