3817 5642
889 548 1336 606 REGESTUM
1374 551 1480 606 VO
1491 552 1937 605 LATERRAN
1940 544 2065 607 UM
2598 552 2703 603 213

2474 648 2641 655 ————

245 750 390 809 926.
1733 748 2062 826 (Florem)
2107 748 2189 809 16
2227 749 2485 809 Januar
2526 748 2703 809 1286.

368 772 878 917 MCCLXXXV,
923 845 1051 905 ind.
1097 844 1324 917 XIIII,
1371 844 1640 905 Honorii
1667 844 1812 906 1111
1840 851 2020 924 pont.
2052 846 2105 918 Ι,
2138 844 2344 906 XVI
2328 866 2451 907 ian.
2522 846 2705 906 Com·

241 942 654 1022 parentibus
665 944 732 1002 in
775 942 1010 1003 iudicio
1051 962 1268 1003 coram
1309 942 1619 1004 Fidantia
1656 942 1865 1003 iudice
1905 962 1948 1003 a
1988 943 2139 1003 sede
2180 962 2281 1021 ap.
2306 942 2599 1020 delegato
2641 950 2709 1003 et

245 1040 668 1121 subdelegato
711 1061 752 1101 a
790 1040 983 1101 Petro
1027 1040 1476 1101 archidiacono
1517 1040 1868 1119 Spoletano
1907 1040 2149 1119 collega
2192 1059 2309 1101 suo
2335 1039 2602 1102 Cambio
2629 1040 2709 1099 dc

243 1140 433 1201 Sesto
473 1146 890 1218 procuratore
930 1138 1186 1217 plebani
1233 1144 1300 1200 et
1341 1139 1608 1219 capituli
1649 1158 1695 1198 s.
1739 1138 1971 1199 Lazari
2009 1138 2175 1200 Flor.
2222 1140 2385 1200 dioc.
2418 1146 2485 1198 et
2512 1140 2707 1218 magi-

241 1243 381 1297 stro
425 1235 714 1298 Iohanne
755 1237 836 1297 de
865 1236 1028 1297 Pisis
1055 1242 1468 1315 procuratore
1495 1238 1784 1298 comunis
1806 1235 2007 1307 Vult„
2038 1236 2342 1297 Cambius
2370 1236 2715 1297 substituit

245 1340 695 1413 procurat-ores
749 1353 898 1395 suos
955 1336 1335 1413 magistrum
1389 1334 1812 1395 Lambertum
1865 1334 1949 1395 de
1989 1333 2271 1395 Civitate
2326 1334 2584 1395 Castelli
2644 1339 2711 1394 et

247 1433 570 1494 Blancum
611 1430 1020 1494 domicellum
1061 1440 1130 1493 et
1171 1430 1552 1494 familiarem
1607 1430 1828 1493 fratris
1883 1431 2171 1493 Latini
2228 1431 2709 1493 Hostiensis

245 1539 310 1591 et
353 1531 766 1593 Velletrensis
805 1550 907 1609 ep.
957 1530 1200 1605 (card.).
1285 1530 1588 1592 Nicolaus
1629 1530 1938 1611 Raynerii
1978 1531 2059 1591 de
2108 1530 2531 1609 Interampna
2569 1539 2707 1591 not.

575 1630 994 1705 Transsumpt
1035 1628 1106 1687 in
1147 1648 1210 1688 n.
1258 1628 1398 1691 927.

247 1828 391 1889 927.
1953 1822 2130 1895 Rom,
2176 1824 2253 1883 21
2300 1823 2487 1899 April
2528 1822 2708 1885 1286.

374 1922 678 2003 Magister
733 1920 1208 1981 Bernardus
1263 1919 1608 1981 Iohannini
1658 1938 1796 1981 can.
1857 1919 2315 2013 Agathensisf)
2373 1938 2712 1980 causarum

247 2040 500 2083 camere
543 2038 708 2097 pape
753 2018 1060 2097 generalis
1103 2017 1382 2078 auditor.
1465 2018 1792 2079 Noveritis
1834 2037 1953 2077 nos
2014 2018 2245 2077 vidisse
2294 2018 2427 2077 duo
2477 2019 2711 2079 instru-

249 2128 492 2189 menta,
523 2138 650 2197 que
691 2118 1026 2179 inserimus
1050 2117 1116 2195 ²).
1221 2118 1363 2178 Act.
1410 2118 1616 2179 Rome
1661 2118 1836 2197 apud
1875 2136 1922 2178 s,
1956 2116 2279 2204 Sabinam.
2352 2115 2516 2176 XXI
2554 2134 2710 2195 apr..

251 2215 794 2287 MCCLXXXVI,
835 2215 967 2276 ind.
1013 2213 1246 2285 XIIII,
1278 2214 1551 2277 Honorii
1575 2215 1720 2275 IIII
1747 2219 1929 2294 pont.
1975 2214 2029 2275 Ι.
2112 2214 2422 2294 Magistro
2464 2214 2714 2275 Thema

247 2314 332 2373 de
373 2310 624 2373 Esculo.
669 2309 954 2369 Berardo
997 2308 1316 2369 Dominici
1359 2308 1439 2368 de
1481 2308 1731 2388 Aquila.
1777 2307 2114 2368 Leonardo
2152 2307 2329 2368 Petri
2364 2311 2499 2368 not.
2533 2308 2710 2367 audi-

245 2413 408 2471 toris
453 2414 531 2469 tt.
616 2404 922 2468 Nicolaus
965 2406 1275 2484 Raynerii
1315 2406 1394 2466 de
1436 2406 1860 2483 Interampna
1903 2412 2035 2465 not.

573 2504 840 2565 florem
880 2502 1034 2563 Ast.
1083 2502 1275 2577 (Volt.
1319 2501 1482 2563 1286
1522 2502 1622 2563 IV
1667 2502 1769 2577 22,
1825 2522 1888 2563 n.
1936 2502 2120 2579 1192)
2179 2500 2349 2577 Oriq.
2411 2502 2711 2581 (sigillum

574 2620 822 2662 camere
861 2600 922 2661 d.
969 2620 1156 2678 pape,
1187 2600 1304 2661 das
1329 2602 1398 2660 in
1427 2600 1532 2659 der
1567 2600 1866 2659 Urkunde
1894 2598 2162 2659 erwc‘ilmt
2190 2600 2361 2671 wird,
2394 2600 2712 2675 valorem).

247 2804 392 2861 928.
1958 2793 2135 2867 Rom,
2180 2794 2261 2854 22
2304 2794 2494 2871 April
2534 2794 2710 2856 1286.
2836 2768 2844 2775 ’

371 2898 680 2977 Magister
720 2892 1193 2955 Bernardus
1221 2912 1360 2953 can.
1391 2892 1777 2969 Agathensis
1807 2893 1872 2968 ¹),
1903 2910 2243 2952 causarum
2277 2910 2527 2952 came-re
2546 2911 2715 2971 pape

247 2994 562 3075 generalis
603 2992 877 3061 auditor.
962 2990 1210 3051 Notum
1251 2990 1524 3051 facimus
1563 3009 1680 3049 nos
1725 2989 1959 3049 vidisse
2006 2988 2257 3049 litteras
2299 2990 2605 3067 prepositi
2648 2996 2717 3051 et

247 3092 522 3171 capituli
561 3090 725 3150 Flor.
747 3090 816 3167 ⁸),
860 3106 1022 3166 quas
1063 3088 1149 3148 ad
1191 3088 1570 3148 instantiam
1626 3086 1844 3147 Iacobi
1887 3086 1992 3164 qd.
2038 3084 2425 3161 Flammin'gi
2466 3086 2719 3163 syndici

243 3192 424 3252 Vult.
483 3190 774 3251 comunis
830 3185 1172 3247 transcribi
1226 3185 1695 3245 mandavimus.
1790 3185 1931 3244 Act.
1976 3183 2183 3244 Rome
2228 3183 2401 3262 apud
2443 3202 2490 3244 s.
2534 3184 2715 3245 Sabi-

245 3310 406 3351 nam
449 3290 516 3347 in
555 3287 781 3347 eadem
823 3282 971 3345 eccl.
1055 3283 1380 3361 Magistris
1420 3282 1766 3343 Thomasio
1806 3282 1888 3342 de
1946 3282 2179 3343 Esculo
2222 3290 2289 3340 ct
2332 3280 2594 3341 Matheo
2636 3283 2715 3343 dc

249 3388 508 3449 Piscina
551 3390 628 3445 tt.
735 3380 1272 3451 MCOLXXXVL
1330 3380 1456 3441 ind.
1510 3380 1739 3449 XIIII,
1785 3379 1993 3440 XXII
2048 3399 2206 3458 apr„
2254 3378 2527 3440 Honorii
2574 3380 2717 3441 IIII

247 3490 432 3561 pont.
479 3484 528 3544 Ι.
614 3482 844 3543 Petrus
887 3478 1192 3557 Raynerii
1237 3479 1316 3538 de
1357 3477 1803 3538 Montechiello
1841 3481 1983 3539 not.

573 3580 840 3641 Florem
881 3576 1031 3637 Ast.
1081 3576 1270 3651 (Volt.
1311 3596 1375 3635 n.
1421 3575 1606 3650 1193)
1637 3574 1809 3650 Oriy.
1845 3574 2145 3652 (sigillum
2176 3574 2515 3635 camered.
2549 3594 2717 3653 pape

575 3676 660 3737 ad
702 3694 928 3737 causas
969 3676 1258 3747 verloren,
1303 3675 1416 3733 wie
1457 3676 1526 3733 in
1571 3692 1629 3731 n.
1677 3673 1843 3747 927).

250 3878 393 3936 929.
1972 3868 2179 3939 cedri,
2224 3868 2305 3928 15
2346 3868 2496 3927 Mai
2536 3868 2714 3929 1286.

371 3971 626 4049 Ningus
665 3970 772 4047 qd.
819 3968 1058 4029 Andrie
1097 3967 1177 4027 de
1220 3966 1464 4027 Ceddre
1505 3964 1787 4026 sindicus
1829 3967 2121 4025 comunis
2177 3963 2255 4024 de
2299 3964 2543 4026 Ceddre
2591 3964 2719 4025 fuit

253 4068 582 4131 confessus
627 4066 936 4127 Barzecto
977 4070 1112 4124 not.
1156 4063 1261 4141 qd.
1309 4062 1579 4140 Galgani
1619 4062 1699 4122 de
1727 4060 1902 4122 Vult.
1935 4060 2179 4121 sindico
2224 4062 2596 4123 comunis
2625 4062 2719 4121 de

251 4166 468 4228 Vult.
513 4185 630 4244 pro
671 4163 778 4225 III
819 4162 902 4223 de
945 4160 1087 4221 IIII
1131 4159 1424 4237 partibus
1464 4166 1532 4219 et
1574 4160 1898 4219 Thomaso
1953 4158 2033 4218 de
2078 4157 2371 4218 Lucardo
2414 4158 2521 4235 qd.
2571 4158 2719 4219 Bal·

249 4264 585 4325 dovinecti
623 4281 742 4341 pro
781 4268 1022 4339 quarta
1061 4260 1346 4319 homines
1391 4258 1562 4316 dicte
1605 4256 1750 4315 villc
1794 4256 2025 4315 debere
2068 4275 2203 4315 esse
2246 4256 2503 4317 comuni
2542 4256 2715 4316 Vult.

247 4369 316 4423 et
359 4362 687 4421 Thomaso
727 4358 906 4417 dicta
931 4355 1211 4427 ratione;
1241 4353 1557 4415 subibunt
1585 4372 1702 4431 pro
1730 4354 1989 4413 comuni
2032 4352 2206 4412 Vult.
2232 4352 2453 4413 omnia
2478 4353 2719 4413 honera

249 4468 316 4519 et
359 4458 560 4519 datia.
645 4458 792 4517 Act.
837 4455 902 4515 in
943 4453 1090 4514 eccl.
1137 4452 1299 4513 ville.
1385 4450 1772 4511 Trencuccio
1827 4450 1931 4526 qd.
1978 4450 2287 4528 Raynerii
2344 4451 2595 4510 comitis
2637 4450 2717 4509 de

404 4764 446 4827 ¹)
486 4762 636 4825 Ayde
672 4762 735 4811 in
771 4758 1213 4819 Stldsrankreich.
1313 4758 1359 4821 2)
1397 4758 1554 4805 Siehe
1593 4773 1645 4805 n.
1687 4758 1790 4804 92²6
1828 4755 1943 4802 un‘i
1984 4756 2099 4801 S'S'S'.
2212 4752 2257 4815 ³)
2296 4754 2455 4803 Siehe
2498 4768 2551 4802 n.
2596 4756 2715 4805 9:32.
