3817 5642
953 561 1398 618 REGESTUM
1439 561 2127 618 VOLATERRANUM
2702 565 2729 616 l
2740 564 2771 616 1

306 758 506 818 levita
545 763 614 818 et
655 777 799 818 can.
841 757 1218 818 Camarinus
1267 757 1468 817 levita
1523 763 1591 816 et
1645 776 1786 816 can.
1831 755 1962 817 Leo
2016 757 2225 836 presb.
2272 763 2337 818 et
2394 777 2535 820 can.
2581 756 2783 818 Adai-

309 874 548 915 manno
589 854 800 934 presb.
844 859 913 915 et
955 873 1094 914 can.
1139 873 1220 914 se.
1266 854 1330 916 S.
1375 873 1460 913 m.
1501 853 1764 930 Petri¹).
1853 853 2269 914 Raimbertus
2312 859 2447 915 not.

640 951 798 1013 Volt.
843 951 1064 1030 AC'ap.
1105 972 1168 1013 π.
1213 952 1296 1014 12
1323 952 1496 1029 Oriy.

309 1121 404 1180 34.
2000 1119 2296 1194 Volterra,
2340 1121 2589 1198 Anqust
2630 1121 2769 1182 957.

427 1220 936 1299 Nognentesimo
979 1220 1516 1299 quinquagesimo¹
1551 1221 1847 1298 septimO,
1892 1226 2205 1300 august0,·
2237 1219 2369 1280 ind.
2412 1218 2557 1279 XV.
2642 1220 2780 1280 Ar-

306 1316 555 1378 naldo
595 1317 938 1378 archidiac.
983 1316 1250 1378 custode
1285 1317 1437 1378 eccl.
1467 1337 1516 1378 s,
1550 1317 1896 1380 octabiani
1925 1337 2041 1397 per
2065 1337 2444 1379 consensum
2472 1336 2612 1378 can.
2642 1317 2769 1378 ira-

305 1425 482 1476 trum
525 1435 814 1476 meorum
857 1435 964 1476 seo
1002 1416 1234 1476 levitas
1263 1415 1474 1494 adque
1502 1417 1845 1489 eiraticis⁸)
1873 1416 1983 1477 lib.
2014 1417 2150 1476 iure
2178 1415 2361 1476 firmo
2388 1416 2556 1477 Urso
2582 1414 2627 1475 f.
2657 1415 2767 1494 qd.

306 1513 612 1593 Leuperti
653 1534 868 1576 casam
911 1519 980 1574 et
1020 1520 1258 1575 terram
1301 1516 1368 1574 in
1409 1513 1632 1587 Cerba,
1675 1517 1808 1575 iam
1849 1535 1899 1576 r.
1930 1534 2047 1594 per
2075 1514 2183 1594 qd.
2215 1513 2385 1576 Sisto
2413 1534 2625 1586 masa„
2656 1517 2779 1595 qui

303 1631 677 1692 supranom.
721 1612 1030 1674 Columbo
1073 1632 1236 1685 voc.;
1281 1619 1454 1674 terra
1481 1615 1764 1692 pertinet
1791 1614 1876 1675 ad
1906 1614 2021 1674 ecl.
2052 1633 2101 1675 s.
2134 1613 2478 1675 Octabiani
2520 1612 2601 1673 de
2627 1615 2781 1692 ipsa.

303 1712 650 1784 canonica3
693 1731 811 1790 pro
852 1730 1028 1790 pene.
1073 1731 1224 1772 ann.
1268 1714 1334 1772 in
1364 1711 1510 1772 fest.
1541 1733 1591 1773 e.
1619 1711 1816 1774 Marie
1846 1715 1914 1776 in
1942 1733 2089 1793 aug.
2120 1712 2430 1774 solvenda
2458 1732 2590 1791 arg.
2620 1712 2778 1774 den..

303 1808 578 1869 duodeci
621 1809 682 1869 b.
727 1829 873 1888 exp.
916 1809 1125 1887 qualis
1169 1829 1284 1887 per
1322 1814 1521 1888 temp.
1574 1829 1658 1880 ο.;
1707 1829 1852 1888 pen.
1903 1830 2037 1890 arg.
2088 1811 2202 1872 sol.
2253 1815 2535 1871 centum.
2622 1809 2765 1870 Act.

304 1903 521 1966 Volot.
607 1905 928 1966 Arnoldus
968 1906 1312 1967 archidiac.
1358 1905 1768 1968 Adalmanno
1807 1907 2017 1986 presb.
2049 1913 2117 1968 et
2142 1907 2293 1970 kan.
2326 1906 2656 1967 Gotserius
2684 1907 2781 1966 le·-

303 2006 448 2065 vita
489 2010 556 2064 et
597 2004 748 2064 kan.
791 2002 1027 2064 Gundo
1069 2003 1268 2064 levita
1312 2010 1378 2065 et
1431 2004 1583 2066 kan.
1639 2023 1722 2066 ss,
1781 2003 1843 2065 S.
1901 2025 1989 2066 m.
2046 2006 2233 2067 Urso,
2292 2003 2577 2084 sigifridi
2628 2011 2769 2066 not.

304 2121 388 2162 ss,
435 2101 499 2163 S.
545 2121 630 2161 m.
661 2102 1067 2162 Tassimanni
1095 2101 1140 2161 f.
1173 2101 1235 2162 b.
1267 2122 1352 2162 m.
1385 2101 1764 2164 Gunterami
1794 2108 1875 2163 tt.
1907 2101 2171 2163 Rodulfi
2204 2101 2256 2162 f.
2287 2101 2351 2163 b.
2381 2121 2469 2162 m.
2500 2101 2650 2163 Poti
2684 2107 2767 2162 tt.

305 2200 594 2260 Berardo
633 2205 772 2261 not.

636 2297 797 2360 Vols.
843 2295 1062 2374 AGap.
1105 2317 1172 2358 π.
1217 2297 1298 2358 13
1327 2296 1500 2375 Oriq.

305 2467 404 2526 35.
2100 2465 2391 2536 Volterra,
2435 2464 2587 2526 Juli
2628 2465 2765 2526 959.

428 2561 850 2640 Berengarius
891 2567 956 2621 ct
1001 2560 1389 2622 Adalbertus
1421 2561 1468 2622 f.
1499 2563 1635 2622 eius
1661 2561 1919 2642 regibus
1948 2583 2006 2623 a.
2036 2581 2227 2633 ncnc,
2258 2563 2467 2634 iulius»,
2514 2563 2642 2623 ind.
2674 2583 2779 2622 se·-

299 2659 540 2721 cunda.
627 2656 838 2718 Boso
879 2657 1094 2720 Volot.
1138 2678 1238 2736 ep.
1283 2657 1392 2718 lib.
1436 2660 1572 2720 iure
1614 2659 1799 2719 firmo
1841 2659 2037 2719 Petro
2078 2659 2124 2719 f.
2168 2659 2276 2736 qd.
2328 2658 2655 2736 Erinperti
2699 2666 2767 2720 et

300 2756 504 2817 Vitali
547 2755 595 2816 f.
639 2754 748 2836 qd.
793 2755 1055 2816 Martini
1085 2775 1301 2816 casam
1331 2761 1397 2816 et
1439 2761 1678 2816 sortem
1721 2757 1786 2816 in
1831 2757 2183 2830 AncaianO,
2216 2755 2327 2816 ubi
2365 2755 2782 2818 Casamaiore-

301 2872 466 2925 voc„
511 2858 706 2914 antea
747 2873 798 2914 r.
843 2873 956 2931 per
1001 2853 1342 2931 Erinperto
1386 2873 1598 2925 mass„
1643 2855 1925 2932 pertinet
1960 2854 2109 2915 eccl.
2154 2873 2204 2914 s,
2250 2852 2591 2914 Octabiani
2634 2873 2779 2933 quo·

299 2957 401 3011 est
442 2951 524 3011 de
565 2953 705 3030 ipsa
746 2954 1056 3012 canonica
1098 2957 1162 3011 et
1192 2958 1291 3012 est
1318 2952 1399 3012 de
1440 2971 1515 3012 su
1535 2955 1580 3030 ³)
1625 2953 1759 3012 iure
1788 2953 2165 3030 epscopatui
2194 2959 2435 3025 nostre,
2466 2951 2550 3012 ad
2554 2971 2763 3052 ‘perh

299 3050 367 3109 in
409 3049 556 3109 fest.
603 3068 650 3109 s.
693 3049 894 3110 Marie
937 3051 1002 3109 in
1043 3068 1187 3128 aug.
1219 3049 1365 3110 eccl.
1396 3069 1445 3109 s,
1479 3048 1822 3112 Octabiani
1855 3071 1895 3110 a
1920 3069 2070 3128 pars
2098 3051 2296 3127 ipsius
2326 3049 2614 3110 canonici
2643 3049 2761 3109 sol-

300 3145 582 3206 vendam
625 3166 758 3226 arg.
801 3145 948 3207 den.
991 3145 1263 3207 duodeci
1304 3146 1367 3207 b.
1406 3166 1549 3226 exp.
1582 3147 1788 3226 qualis
1817 3166 1933 3226 per
1962 3152 2160 3225 temp.
2192 3166 2275 3219 ο.;
2307 3165 2453 3224 pen.
2484 3166 2617 3225 arg.
2650 3147 2762 3206 sol.

301 3245 662 3304 sexxainta.
747 3244 892 3304 Act.
935 3245 1151 3305 Volot.
1224 3245 1394 3304 Boso
1435 3263 1534 3323 ep.
1579 3263 1660 3304 ss,
1707 3244 1768 3304 S.
1814 3265 1899 3305 m.
1943 3244 2025 3304 de
2053 3245 2470 3322 suprascripti
2498 3247 2765 3322 promis-

301 3342 447 3400 sori.
499 3340 816 3401 Arnoldus
859 3341 1198 3402 archidiac.
1244 3340 1568 3402 Iohannes
1597 3341 1983 3419 archipresb.
2017 3339 2249 3400 Gundo
2279 3341 2477 3402 levita
2506 3347 2571 3400 et
2612 3341 2769 3402 kun.

301 3457 384 3499 ss,
427 3437 490 3498 S.
538 3457 624 3498 m.
668 3437 976 3500 Mainaldi
1015 3439 1061 3498 f.
1105 3439 1168 3500 b.
1215 3459 1299 3500 m.
1343 3437 1681 3499 Kamarini
1725 3445 1806 3499 tt.
1853 3437 2115 3500 Berardi
2160 3437 2206 3498 f.
2253 3438 2502 3498 Andree
2532 3445 2614 3499 tt.
2646 3439 2779 3499 Be·-

278 3535 491 3596 'rardo
532 3539 672 3596 not.
715 3555 796 3596 se.
883 3535 1276 3596 Rainbertus
1316 3541 1453 3597 not.

635 3630 792 3695 Volt.
837 3631 1058 3710 AGap.
1102 3651 1163 3692 n.
1207 3631 1288 3692 14
1319 3631 1492 3709 Θήρ.

305 3797 399 3857 36.
427 3894 703 3955 ‘Livello
743 3893 916 3956 fatto
957 3895 1042 3956 da
1099 3895 1309 3957 Boso
1363 3915 1636 3957 vescovo
1677 3897 1848 3958 nella
1887 3903 2065 3958 corte
2107 3898 2176 3957 di
2218 3898 2281 3960 S.
2327 3800 2776 3959 Ειῖἕοῒίἒῖἶζ

305 4009 396 4052 un
432 3999 610 4052 certo
654 3991 1032 4054 Raimberto
1055 3995 1104 4069 ⁴)
1147 4011 1260 4071 per
1315 3994 1358 4053 il
1415 4012 1660 4055 canone
1713 3994 1784 4053 di
1835 3993 2046 4055 dedici
2106 3995 2329 4055 denari
2381 3995 2777 4073 d’argent0.’‘

304 4087 471 4149 Boso
511 4108 614 4167 ep.
657 4087 900 4168 [Volot.
943 4091 1077 4170 se.].
1124 4088 1186 4150 S.
1230 4110 1316 4151 m.
1364 4090 1746 4152 Raimberti.
1791 4092 2126 4172 Teudingo
2154 4092 2201 4153 f.
2248 4092 2272 4172 [
2280 4140 2436 4154 .....
2442 4095 2467 4173 ]
2498 4095 2775 4172 Berta⁵)·

305 4187 330 4265 ἱ
608 4187 774 4347 ¹³{3011
813 4285 1054 4348 AVeso.
1101 4287 1268 4365 App.
1311 4305 1358 4347 ε.
1403 4285 1469 4346 Χ
1525 4308 1586 4348 n.
1629 4288 1671 4348 3
1710 4287 1931 4365 Reqeet
1970 4308 2019 4348 ε.
2064 4287 2320 4349 XVIII
2354 4290 2427 4350 in
2476 4289 2777 4351 Gallettis·

623 4380 1029 4459 Oopialbuck.
1075 4381 1244 4460 Θήρ.
1287 4381 1773 4444 verechwunden.

451 4589 488 4650 ¹)
527 4588 632 4638 Die
675 4588 1028 4649 ommam:
1062 4589 1235 4639 seim
1273 4589 1797 4640 Mickoonerahemn
1835 4591 2036 4653 oreqor
2069 4591 2219 4651 seme.
2242 4564 2269 4616 Τ
2368 4591 2409 4654 ·)
2448 4592 2523 4642 so
2559 4594 2761 4642 umam

307 4676 370 4726 in
401 4677 637 4727 Vellet-ra
659 4677 744 4726 die
767 4676 950 4728 clerici
975 4678 1252 4728 minorum
1278 4679 1540 4728 ordinum
1558 4679 1864 4729 bezeichnee.
1979 4681 2021 4742 ζ·)
2046 4697 2105 4726 z
2133 4679 2257 4731 sub.
2382 4680 2425 4742 4)
2460 4681 2775 4743 Verqleiche·

309 4763 420 4815 946
453 4763 592 4827 Sept.
742 4761 784 4826 ὃ)
831 4763 983 4814 Wohz
1020 4765 1266 4814 Berardo
1304 4766 1346 4818 f.
1383 4765 1616 4816 Andree.
