3817 5642
939 584 1386 639 REGESTUM
1421 583 2113 642 VOLATERRANUM
2685 591 2756 646 97

281 778 556 841 fuerunt
593 780 801 842 ablati
839 779 1210 843 hominibus
1251 780 1332 841 de
1373 782 1674 843 Paurano
1727 790 1796 845 et
1849 782 1884 843 Ι
1926 786 2283 845 iomentum
2339 784 2633 847 ablatum
2686 788 2755 847 in

281 876 722 951 Vallebuona3
754 880 1036 957 pretium
1064 879 1135 940 II
1164 880 1600 941 iumentorum
1627 880 1995 942 ablatorum
2022 880 2300 943 reddant
2332 881 2751 956 Bernardino;

281 994 510 1036 omnes
552 975 712 1036 alias
751 995 852 1037 res
893 976 1148 1038 ablatas
1189 975 1467 1039 reddant
1507 977 1676 1039 inter
1715 997 1798 1039 se.
1843 976 2147 1040 Consules
2188 986 2257 1040 et
2294 980 2519 1059 populi
2544 988 2755 1043 rector

281 1072 368 1135 de
408 1072 634 1135 Monte
672 1074 965 1136 Voltraio
989 1074 1236 1137 faciant
1277 1075 1488 1136 iurare
1527 1075 1801 1156 Agresto
1843 1084 1911 1137 et
1949 1076 2135 1137 fratri
2162 1083 2232 1139 et
2259 1078 2753 1141 Buoncristiano

280 1169 366 1231 de
409 1170 674 1232 Tellena
714 1171 1010 1233 habitare
1050 1192 1270 1233 eorum
1313 1172 1550 1251 podere
1589 1172 1674 1233 de
1705 1172 1971 1235 Tollena
1998 1179 2065 1233 et
2090 1174 2353 1235 servitia
2379 1173 2551 1247 dare,
2582 1178 2752 1238 sicut

281 1290 322 1329 a
367 1268 494 1341 die,
538 1289 671 1349 qua
711 1270 1070 1332 Guidoctus
1108 1270 1344 1333 habuit
1383 1290 1492 1332 eos
1519 1271 1605 1332 ab
1633 1270 2009 1333 Ildibrando
2042 1290 2163 1351 ep„
2193 1271 2280 1332 ad
2318 1274 2749 1353 inceptionem

280 1387 533 1446 guerre,
577 1372 646 1427 et
686 1366 1045 1429 Guidoctus
1085 1370 1176 1428 eie
1215 1368 1450 1429 reddat
1487 1388 1588 1429 ree
1629 1368 1899 1430 ablatae.
1947 1368 2277 1430 Presiones
2304 1372 2589 1449 partium
2619 1373 2753 1433 sint

281 1464 542 1527 liberati
583 1486 622 1525 a
664 1466 768 1526 die
795 1465 1120 1529 dominico
1147 1468 1444 1546 proximo
1469 1471 1510 1543 Ι)
1555 1467 1642 1527 ad
1669 1466 1944 1528 alterum
1974 1470 2463 1547 proximiorem3
2506 1469 2627 1531 hoc
2654 1469 2749 1531 fa-

279 1564 466 1625 ciant
505 1563 942 1624 Bernardinus
982 1570 1050 1625 et
1089 1564 1380 1625 consules
1423 1563 1661 1625 Montis
1699 1565 1967 1625 Voltrai.
2012 1564 2275 1626 Albizus
2315 1566 2397 1627 de
2438 1564 2609 1628 Colle
2637 1567 2750 1628 det

279 1661 609 1723 fidanzam
653 1661 1022 1723 consulibus
1063 1662 1146 1723 de
1185 1661 1408 1724 Monte
1448 1661 1738 1724 Voltraio
1779 1681 1895 1740 pro
1937 1663 2081 1724 filiis
2123 1662 2400 1736 Gallitie,
2432 1664 2749 1726 Gnidotto

277 1766 352 1821 et
391 1758 538 1822 filiis
577 1765 648 1821 et
689 1759 990 1820 omnibus
1029 1758 1111 1820 de
1151 1778 1269 1820 sua
1310 1764 1512 1839 parte.
1556 1758 1758 1822 Iunta
1797 1758 2056 1821 Gallitie
2096 1762 2265 1821 iuret
2289 1760 2748 1824 refutationem

277 1856 528 1917 factam
571 1854 893 1916 Gnidotto
929 1856 1184 1918 firmam
1227 1864 1447 1917 tenere
1474 1856 1576 1917 vel
1605 1855 2005 1917 fideiussores
2032 1856 2187 1917 dare
2213 1855 2295 1917 de
2322 1857 2750 1937 Montegabro

280 1954 385 2015 vel
428 1954 602 2015 Colle
641 1955 778 2015 sive
819 1952 1048 2015 Casule
1087 1954 1188 2015 vel
1231 1954 1436 2016 Santo
1462 1954 1844 2015 Geminiano
1873 1953 1976 2014 vel
2005 1954 2131 2015 alio
2159 1954 2314 2025 loce,
2346 1956 2401 2015 si
2428 1955 2749 2017 Gnidotto

278 2052 580 2131 placebit.
627 2052 932 2115 Consules
972 2051 1054 2115 de
1093 2052 1317 2114 Monte
1358 2052 1648 2114 Voltraio
1685 2050 1933 2113 faciant
1986 2052 2169 2113 reddi
2224 2051 2563 2125 GuidottO,
2620 2072 2747 2132 que

277 2150 643 2223 Maidellue,
685 2150 796 2211 filii
841 2157 910 2211 et
951 2169 1116 2213 uxor
1155 2152 1534 2211 iuraverunt
1571 2149 1874 2211 habuisse
1914 2150 1995 2211 de
2038 2150 2222 2213 bonis
2277 2150 2553 2212 filiorum
2595 2150 2743 2213 Gal-

279 2250 420 2310 litie
460 2255 532 2310 et
567 2248 904 2321 Palmiere,
949 2256 1017 2309 et
1057 2248 1389 2326 deponant
1443 2253 1690 2308 cartam
1745 2248 2089 2328 pignorum
2142 2247 2419 2308 filiorum
2464 2247 2743 2320 Gallitie,

277 2354 358 2409 ut
401 2353 795 2408 conventum
838 2346 986 2419 fuit,
1029 2348 1206 2426 apud
1247 2345 1555 2407 abbatem
1609 2345 1691 2406 de
1746 2344 1993 2418 Coneo;
2052 2365 2193 2425 pen.
2252 2346 2321 2407 C.
2365 2345 2558 2406 Marc.
2609 2366 2741 2427 arg.

277 2447 458 2507 Data
501 2447 569 2505 in
615 2445 812 2506 choro
865 2444 1070 2525 plebis
1123 2442 1348 2505 Sancti
1399 2444 1765 2505 Geminiani
1838 2462 2055 2505 coram
2113 2444 2337 2505 Riccio
2376 2444 2481 2522 qd.
2527 2443 2740 2505 Guidi.

274 2540 510 2603 Scotto
548 2542 654 2622 qd.
701 2540 926 2603 Pelati.
971 2540 1325 2603 Orlandino
1377 2540 1483 2621 qd.
1527 2540 1774 2602 Uberti.
1818 2540 2081 2602 Tinioso
2132 2539 2238 2619 qd.
2284 2539 2743 2602 fldebrandini.

275 2639 531 2702 Poecha
557 2640 664 2719 qd.
693 2638 1207 2717 Ild(ebrandini).
1238 2638 1466 2718 Arrigo
1487 2639 1592 2717 qd.
1624 2638 2054 2718 Cristophani‚
2084 2639 2240 2699 aliie.
2323 2638 2605 2712 MCCVI,
2636 2637 2743 2699 III

273 2738 360 2798 id.
408 2739 556 2811 ian„
600 2738 730 2798 ind.
776 2736 857 2798 X.
945 2737 1348 2798 Bonacorsus
1389 2736 1494 2816 qd.
1540 2736 1728 2797 Rom.
1769 2737 2177 2815 imperatoris
2220 2744 2351 2797 not.

600 2834 771 2895 Colle
813 2834 1045 2897 AOom.
1079 2834 1596 2895 Instmmentario
1622 2831 1663 2892 I
1689 2833 1732 2908 s.
1763 2832 1862 2892 16'
1890 2833 2041 2911 Oop.
2070 2854 2120 2894 8.
2152 2832 2342 2893 XIII
2369 2836 2522 2896 med.
2587 2833 2739 2912 Ray.
2776 2916 2781 2921 ἡ

604 2933 819 2993 Licini
859 2932 996 2993 201.
1311 2936 1334 2965 ‘

269 3042 415 3101 282.
1898 3037 2077 3109 Pisa,
2120 3037 2203 3099 28
2241 3037 2521 3099 Februar
2559 3040 2739 3101 1207.

399 3138 541 3221 Ego
580 3144 840 3199 senator
881 3139 1020 3197 iuro
1060 3138 1312 3198 firmam
1357 3144 1573 3198 tenere
1629 3146 1969 3217 treuguam
2024 3138 2305 3198 iuratam
2362 3157 2403 3197 a
2456 3136 2743 3199 Gerardo

273 3237 698 3301 Curtevechie
743 3236 904 3297 Pis.
949 3242 1016 3295 et
1060 3236 1540 3308 Rainaldoss)
1582 3238 1818 3295 comite
1859 3234 2074 3295 Vult.
2122 3236 2734 3313 potestatibuS,

271 3337 448 3397 sieut
469 3336 839 3395 continetur
857 3334 924 3393 in
946 3338 1128 3394 carta
1147 3333 1392 3413 Ugonis
1421 3332 1693 3394 Bondiei
1721 3332 1949 3393 iudicis
1979 3339 2047 3393 et
2073 3336 2206 3393 not.
2231 3337 2298 3393 et
2322 3334 2741 3414 Bonensegne

271 3434 356 3495 de
388 3432 566 3511 Vult.
590 3437 724 3493 not.
811 3432 956 3515 Act.
981 3432 1144 3493 Pisis
1171 3433 1241 3492 in
1268 3431 1418 3491 eccl.
1450 3450 1499 3519 e.
1529 3429 1706 3517 Petri
1735 3430 1816 3490 de
1844 3430 2108 3492 Palude.
2198 3430 2459 3491 Alberto
2481 3431 2591 3511 qd.
2616 3430 2735 3493 Ve-

269 3532 404 3593 chii
447 3530 721 3592 filiorum
765 3530 1051 3589 Benacii.
1096 3528 1395 3591 Bandino
1437 3528 1652 3589 Martii
1680 3528 1890 3589 iudice
1918 3534 1986 3588 et
2012 3534 2149 3589 not.
2180 3528 2412 3589 Pisane
2452 3530 2737 3590 civitatis

270 3626 670 3691 cancellariis
696 3633 779 3687 tt.
862 3625 1182 3697 MCCVII,
1213 3625 1345 3685 ind.
1375 3626 1462 3699 X,
1492 3625 1564 3685 II
1590 3624 1718 3686 kal.
1749 3630 1941 3685 mart.
2026 3624 2417 3686 Guiscardue
2445 3625 2553 3703 qd.
2585 3624 2737 3684 Ber·

269 3726 532 3789 nardini
571 3725 654 3785 de
695 3724 1063 3805 Silvalonga
1091 3723 1352 3784 Henrici
1387 3726 1538 3801 imp.
1569 3722 1764 3784 iudex
1794 3723 1930 3783 ord.
1960 3729 2028 3783 et
2056 3728 2210 3794 not„
2240 3728 2470 3801 rogata
2496 3743 2536 3782 a
2567 3722 2737 3783 Ban-

269 3829 429 3889 dino
469 3824 708 3885 Martii.
1205 3808 1210 3811 ’

597 3922 857 3983 Florenz
900 3922 1052 3982 Ast.
1102 3921 1285 3997 (Volt.
1315 3939 1377 3980 n.
1408 3919 1514 3995 89)
1557 3918 1726 3995 Oriq.
1811 3919 1983 3979 Extr.
2028 3918 2142 3978 mit
2183 3918 2300 3979 den
2341 3918 2591 3979 Namen
2632 3919 2739 3979 der

595 4020 931 4081 Senator-en
974 4017 1206 4079 Gecina
1246 4018 1342 4078 24.

268 4156 411 4217 283.
1177 4150 1336 4225 <San
1377 4100 1690 4225 cipriane
1728 4147 1823 4208 bez·
1872 4102 2197 4223 volterra),
2239 4146 2278 4206 1
2321 4146 2515 4224 April
2553 4147 2731 4209 1207.

392 4252 532 4315 Nos
571 4252 861 4313 homines
903 4249 985 4310 de
1025 4248 1322 4328 cappella
1358 4266 1404 4308 e.
1450 4246 1728 4326 Cipriani
1769 4248 2055 4307 iuramus
2084 4246 2395 4307 adiuvare
2420 4246 2590 4306 inter
2616 4264 2735 4307 nos

269 4352 358 4412 ab
385 4349 564 4411 omni
591 4367 884 4428 persona,
927 4352 1202 4425 excepto
1242 4350 1466 4406 contra
1508 4344 1798 4405 eonsules
1828 4344 1929 4404 vel
1960 4344 2295 4404 dominum
2338 4343 2735 4403 civitatis

419 4540 465 4603 ¹)
504 4540 570 4589 13
605 4537 830 4589 Jamcar
868 4539 1023 4589 1207.
1196 4537 1238 4601 ²)
1281 4534 1401 4585 Am
1437 4534 1558 4585 dom
1593 4534 1784 4583 Haase
1819 4532 2043 4593 Alberti,
2084 4533 2333 4584 Grander
2368 4532 2459 4581 dee
2494 4531 2731 4595 Ζωοὲροε

269 4644 372 4679 von
412 4625 837 4678 Momwotondo.
911 4624 1026 4676 Der
1070 4624 1289 4683 Ver-troo
1325 4623 1480 4674 solbet
1513 4624 1586 4673 ist
1621 4622 1768 4672 nicht
1811 4620 2071 4679 bekannt,·
2107 4635 2209 4671 von
2246 4612 2732 4683 Feindeoliqkoitm

269 4718 439 4768 Pione
477 4729 642 4779 voven
688 4713 926 4765 Vocem-ra
960 4714 1024 4764 in
1058 4712 1232 4764 Jahn
1267 4713 1407 4764 1202
1443 4711 1702 4763 baiolum
1730 4709 1931 4761 Trunci
1958 4712 2059 4761 170
2086 4708 2201 4759 und
2224 4709 2316 4759 der
2340 4709 2498 4760 Liber
2520 4709 2736 4759 iuriam

280 4804 424 4856 Vult.
463 4806 502 4864 Ι.
543 4806 610 4855 13
652 4804 748 4866 (alt
785 4804 862 4865 9),
899 4802 1072 4853 citiore
1109 4802 1193 4853 boi
1225 4801 1542 4853 Davido'ohn
1580 4800 1880 4851 Geocht‘chtc
1914 4798 1954 4848 I
1989 4801 2113 4849 641.

487 4948 516 4998 ‘1
