<?xml version="1.0" encoding="UTF-8"?>
<!DOCTYPE html PUBLIC "-//W3C//DTD XHTML 1.0 Transitional//EN"
    "http://www.w3.org/TR/xhtml1/DTD/xhtml1-transitional.dtd">
<html xmlns="http://www.w3.org/1999/xhtml" xml:lang="en" lang="en">
 <head>
  <title>
</title>
<meta http-equiv="Content-Type" content="text/html;charset=utf-8" />
  <meta name='ocr-system' content='tesseract 3.04.00' />
  <meta name='ocr-capabilities' content='ocr_page ocr_carea ocr_par ocr_line ocrx_word'/>
</head>
<body>
  <div class='ocr_page' id='page_1' title='image "./regestumvolater00schngoog_0403.png"; bbox 0 0 3817 5642; ppageno 0'>
   <div class='ocr_carea' id='block_1_1' title="bbox 878 556 2694 613">
    <p class='ocr_par' dir='ltr' id='par_1_1' title="bbox 878 556 2694 613">
     <span class='ocr_line' id='line_1_1' title="bbox 878 556 2694 613; baseline -0.001 0"><span class='ocrx_word' id='word_1_1' title='bbox 878 557 1327 613; x_wconf 75' lang='lat' dir='ltr'><strong>REGESTUM</strong></span> <span class='ocrx_word' id='word_1_2' title='bbox 1363 556 1684 613; x_wconf 78' lang='lat' dir='ltr'><strong>VOLATE</strong></span> <span class='ocrx_word' id='word_1_3' title='bbox 1695 556 2051 611; x_wconf 76' lang='lat' dir='ltr'>RRANUM</span> <span class='ocrx_word' id='word_1_4' title='bbox 2588 557 2694 611; x_wconf 73' lang='lat'>339</span> 
     </span>
    </p>
   </div>
   <div class='ocr_carea' id='block_1_2' title="bbox 2264 648 2436 655">
    <p class='ocr_par' dir='ltr' id='par_1_2' title="bbox 2264 648 2436 655">
     <span class='ocr_line' id='line_1_2' title="bbox 2264 648 2436 655; baseline 0 4987"><span class='ocrx_word' id='word_1_5' title='bbox 2264 648 2436 655; x_wconf 95' lang='lat' dir='ltr'> </span> 
     </span>
    </p>
   </div>
   <div class='ocr_carea' id='block_1_3' title="bbox 2457 649 2690 655">
    <p class='ocr_par' dir='ltr' id='par_1_3' title="bbox 2457 649 2690 655">
     <span class='ocr_line' id='line_1_3' title="bbox 2457 649 2690 655; baseline 0 0"><span class='ocrx_word' id='word_1_6' title='bbox 2457 649 2690 655; x_wconf 95' lang='lat' dir='ltr'> </span> 
     </span>
    </p>
   </div>
   <div class='ocr_carea' id='block_1_4' title="bbox 215 748 2695 1217">
    <p class='ocr_par' dir='ltr' id='par_1_4' title="bbox 215 748 2695 1121">
     <span class='ocr_line' id='line_1_4' title="bbox 215 748 2695 835; baseline -0.002 -20"><span class='ocrx_word' id='word_1_7' title='bbox 215 752 548 835; x_wconf 79' lang='lat' dir='ltr'>delegato,</span> <span class='ocrx_word' id='word_1_8' title='bbox 591 756 936 813; x_wconf 72' lang='lat' dir='ltr'>executore</span> <span class='ocrx_word' id='word_1_9' title='bbox 963 752 1026 829; x_wconf 87' lang='lat'>¹).</span> <span class='ocrx_word' id='word_1_10' title='bbox 1110 751 1254 812; x_wconf 88' lang='lat' dir='ltr'>Act.</span> <span class='ocrx_word' id='word_1_11' title='bbox 1297 748 1473 811; x_wconf 85' lang='lat' dir='ltr'>Vult.</span> <span class='ocrx_word' id='word_1_12' title='bbox 1516 750 1585 809; x_wconf 93' lang='lat' dir='ltr'>in</span> <span class='ocrx_word' id='word_1_13' title='bbox 1611 748 1856 829; x_wconf 82' lang='lat' dir='ltr'>palatio</span> <span class='ocrx_word' id='word_1_14' title='bbox 1885 748 2190 809; x_wconf 86' lang='lat' dir='ltr'>comunis.</span> <span class='ocrx_word' id='word_1_15' title='bbox 2274 748 2695 829; x_wconf 75' lang='lat' dir='ltr'>Forteguerra</span> 
     </span>
     <span class='ocr_line' id='line_1_5' title="bbox 225 845 2694 927; baseline -0.001 -16"><span class='ocrx_word' id='word_1_16' title='bbox 225 852 444 914; x_wconf 84' lang='lat' dir='ltr'>iudice</span> <span class='ocrx_word' id='word_1_17' title='bbox 481 856 552 913; x_wconf 90' lang='lat' dir='ltr'>et</span> <span class='ocrx_word' id='word_1_18' title='bbox 592 868 907 911; x_wconf 72' lang='lat' dir='ltr'>assessore</span> <span class='ocrx_word' id='word_1_19' title='bbox 949 850 1256 911; x_wconf 88' lang='lat' dir='ltr'>comunis.</span> <span class='ocrx_word' id='word_1_20' title='bbox 1304 848 1709 909; x_wconf 83' lang='lat' dir='ltr'>Bencivenne</span> <span class='ocrx_word' id='word_1_21' title='bbox 1746 848 1959 909; x_wconf 89' lang='lat' dir='ltr'>iudice</span> <span class='ocrx_word' id='word_1_22' title='bbox 1999 849 2359 927; x_wconf 81' lang='lat' dir='ltr'>potestatis.</span> <span class='ocrx_word' id='word_1_23' title='bbox 2390 845 2694 908; x_wconf 86' lang='lat' dir='ltr'>Talomeo</span> 
     </span>
     <span class='ocr_line' id='line_1_6' title="bbox 223 942 2695 1025; baseline -0.002 -16"><span class='ocrx_word' id='word_1_24' title='bbox 223 947 716 1011; x_wconf 81' lang='lat' dir='ltr'>Ricchomanni.</span> <span class='ocrx_word' id='word_1_25' title='bbox 741 945 1068 1025; x_wconf 86' lang='lat' dir='ltr'>Riparello</span> <span class='ocrx_word' id='word_1_26' title='bbox 1095 965 1198 1007; x_wconf 88' lang='lat' dir='ltr'>ser</span> <span class='ocrx_word' id='word_1_27' title='bbox 1230 945 1646 1007; x_wconf 85' lang='lat' dir='ltr'>Beninchase.</span> <span class='ocrx_word' id='word_1_28' title='bbox 1673 943 1861 1005; x_wconf 87' lang='lat' dir='ltr'>Iusto</span> <span class='ocrx_word' id='word_1_29' title='bbox 1887 944 2135 1005; x_wconf 81' lang='lat' dir='ltr'>Cecchii</span> <span class='ocrx_word' id='word_1_30' title='bbox 2158 950 2237 1005; x_wconf 84' lang='lat' dir='ltr'>tt.</span> <span class='ocrx_word' id='word_1_31' title='bbox 2319 942 2695 1006; x_wconf 82' lang='lat' dir='ltr'>Franciscus</span> 
     </span>
     <span class='ocr_line' id='line_1_7' title="bbox 220 1040 2052 1121; baseline -0.003 -15"><span class='ocrx_word' id='word_1_32' title='bbox 220 1044 602 1106; x_wconf 83' lang='lat' dir='ltr'>Bustichini</span> <span class='ocrx_word' id='word_1_33' title='bbox 641 1044 723 1105; x_wconf 89' lang='lat' dir='ltr'>de</span> <span class='ocrx_word' id='word_1_34' title='bbox 765 1042 940 1104; x_wconf 85' lang='lat' dir='ltr'>Vult.</span> <span class='ocrx_word' id='word_1_35' title='bbox 983 1048 1153 1104; x_wconf 75' lang='lat' dir='ltr'>auct.</span> <span class='ocrx_word' id='word_1_36' title='bbox 1199 1044 1348 1121; x_wconf 87' lang='lat' dir='ltr'>imp.</span> <span class='ocrx_word' id='word_1_37' title='bbox 1391 1040 1588 1103; x_wconf 83' lang='lat' dir='ltr'>iudex</span> <span class='ocrx_word' id='word_1_38' title='bbox 1629 1040 1761 1103; x_wconf 91' lang='lat' dir='ltr'>ord.</span> <span class='ocrx_word' id='word_1_39' title='bbox 1807 1046 1876 1103; x_wconf 86' lang='lat' dir='ltr'>et</span> <span class='ocrx_word' id='word_1_40' title='bbox 1916 1047 2052 1103; x_wconf 86' lang='lat' dir='ltr'>not.</span> 
     </span>
    </p>

    <p class='ocr_par' dir='ltr' id='par_1_5' title="bbox 555 1138 2189 1217">
     <span class='ocr_line' id='line_1_8' title="bbox 555 1138 2189 1217; baseline -0.002 -15"><span class='ocrx_word' id='word_1_41' title='bbox 555 1140 820 1202; x_wconf 64' lang='lat' dir='ltr'>florem</span> <span class='ocrx_word' id='word_1_42' title='bbox 864 1138 1014 1201; x_wconf 56' lang='lat' dir='ltr'>AS&amp;</span> <span class='ocrx_word' id='word_1_43' title='bbox 1060 1139 1251 1216; x_wconf 81' lang='lat' dir='ltr'>(Volt.</span> <span class='ocrx_word' id='word_1_44' title='bbox 1300 1138 1462 1200; x_wconf 86' lang='lat'><em>1299</em></span> <span class='ocrx_word' id='word_1_45' title='bbox 1501 1139 1542 1199; x_wconf 93' lang='lat' dir='ltr'><em>I</em></span> <span class='ocrx_word' id='word_1_46' title='bbox 1583 1140 1638 1209; x_wconf 89' lang='grc'>4,</span> <span class='ocrx_word' id='word_1_47' title='bbox 1681 1158 1746 1200; x_wconf 78' lang='grc' dir='ltr'>π.</span> <span class='ocrx_word' id='word_1_48' title='bbox 1790 1139 1975 1217; x_wconf 83' lang='grc'><em>1426)</em></span> <span class='ocrx_word' id='word_1_49' title='bbox 2020 1139 2189 1215; x_wconf 70' lang='grc' dir='ltr'>Θήρ.</span> 
     </span>
    </p>
   </div>
   <div class='ocr_carea' id='block_1_5' title="bbox 219 1298 2699 2159">
    <p class='ocr_par' dir='ltr' id='par_1_6' title="bbox 219 1298 2694 1377">
     <span class='ocr_line' id='line_1_9' title="bbox 219 1298 2694 1377; baseline 0 -15"><span class='ocrx_word' id='word_1_50' title='bbox 219 1303 374 1363; x_wconf 76' lang='grc'><strong>993.</strong></span> <span class='ocrx_word' id='word_1_51' title='bbox 1664 1300 2032 1377; x_wconf 69' lang='lat' dir='ltr'>Beriqnom,</span> <span class='ocrx_word' id='word_1_52' title='bbox 2077 1301 2156 1362; x_wconf 81' lang='grc'>24</span> <span class='ocrx_word' id='word_1_53' title='bbox 2196 1300 2476 1361; x_wconf 74' lang='lat' dir='ltr'>Febmar</span> <span class='ocrx_word' id='word_1_54' title='bbox 2514 1298 2694 1362; x_wconf 85' lang='lat'><strong><em>1300.</em></strong></span> 
     </span>
    </p>

    <p class='ocr_par' dir='ltr' id='par_1_7' title="bbox 221 1396 2699 2159">
     <span class='ocr_line' id='line_1_10' title="bbox 355 1396 2695 1479; baseline 0 -19"><span class='ocrx_word' id='word_1_55' title='bbox 355 1398 777 1461; x_wconf 83' lang='lat' dir='ltr'>Baldinoctus</span> <span class='ocrx_word' id='word_1_56' title='bbox 818 1399 926 1478; x_wconf 92' lang='lat' dir='ltr'>qd.</span> <span class='ocrx_word' id='word_1_57' title='bbox 975 1398 1304 1460; x_wconf 85' lang='lat' dir='ltr'>Guittonis</span> <span class='ocrx_word' id='word_1_58' title='bbox 1345 1397 1427 1459; x_wconf 92' lang='lat' dir='ltr'>de</span> <span class='ocrx_word' id='word_1_59' title='bbox 1486 1396 1725 1459; x_wconf 75' lang='lat' dir='ltr'>Sancto</span> <span class='ocrx_word' id='word_1_60' title='bbox 1779 1396 2113 1460; x_wconf 82' lang='lat' dir='ltr'>Dalmatio</span> <span class='ocrx_word' id='word_1_61' title='bbox 2167 1399 2235 1459; x_wconf 90' lang='lat' dir='ltr'>in</span> <span class='ocrx_word' id='word_1_62' title='bbox 2287 1417 2449 1477; x_wconf 87' lang='lat' dir='ltr'>pres</span> <span class='ocrx_word' id='word_1_63' title='bbox 2494 1399 2695 1479; x_wconf 83' lang='lat' dir='ltr'>Ray-</span> 
     </span>
     <span class='ocr_line' id='line_1_11' title="bbox 223 1493 2696 1578; baseline 0 -20"><span class='ocrx_word' id='word_1_64' title='bbox 223 1518 272 1558; x_wconf 94' lang='lat' dir='ltr'>n</span> <span class='ocrx_word' id='word_1_65' title='bbox 287 1518 326 1558; x_wconf 87' lang='lat' dir='ltr'>e</span> <span class='ocrx_word' id='word_1_66' title='bbox 341 1516 378 1557; x_wconf 89' lang='lat' dir='ltr'>r</span> <span class='ocrx_word' id='word_1_67' title='bbox 393 1499 410 1557; x_wconf 84' lang='lat' dir='ltr'>i</span> <span class='ocrx_word' id='word_1_68' title='bbox 425 1498 452 1558; x_wconf 90' lang='lat' dir='ltr'>i</span> <span class='ocrx_word' id='word_1_69' title='bbox 475 1516 573 1578; x_wconf 87' lang='lat' dir='ltr'>ep.</span> <span class='ocrx_word' id='word_1_70' title='bbox 603 1496 780 1557; x_wconf 80' lang='lat' dir='ltr'>Vult.</span> <span class='ocrx_word' id='word_1_71' title='bbox 814 1495 1143 1558; x_wconf 78' lang='lat' dir='ltr'>confessus</span> <span class='ocrx_word' id='word_1_72' title='bbox 1159 1495 1287 1557; x_wconf 83' lang='lat' dir='ltr'>fuit</span> <span class='ocrx_word' id='word_1_73' title='bbox 1307 1514 1376 1556; x_wconf 89' lang='lat' dir='ltr'>se</span> <span class='ocrx_word' id='word_1_74' title='bbox 1397 1496 1455 1556; x_wconf 88' lang='lat' dir='ltr'>ei</span> <span class='ocrx_word' id='word_1_75' title='bbox 1475 1496 1734 1556; x_wconf 88' lang='lat' dir='ltr'>nomine</span> <span class='ocrx_word' id='word_1_76' title='bbox 1760 1493 2112 1575; x_wconf 71' lang='lat' dir='ltr'>albei-garis</span> <span class='ocrx_word' id='word_1_77' title='bbox 2133 1495 2365 1557; x_wconf 90' lang='lat' dir='ltr'>debere</span> <span class='ocrx_word' id='word_1_78' title='bbox 2391 1502 2696 1576; x_wconf 83' lang='lat' dir='ltr'>quartam</span> 
     </span>
     <span class='ocr_line' id='line_1_12' title="bbox 223 1591 2699 1674; baseline 0 -20"><span class='ocrx_word' id='word_1_79' title='bbox 223 1598 488 1674; x_wconf 79' lang='lat' dir='ltr'>partem</span> <span class='ocrx_word' id='word_1_80' title='bbox 533 1594 721 1656; x_wconf 90' lang='lat' dir='ltr'>unius</span> <span class='ocrx_word' id='word_1_81' title='bbox 761 1594 944 1655; x_wconf 89' lang='lat' dir='ltr'>starii</span> <span class='ocrx_word' id='word_1_82' title='bbox 981 1594 1186 1673; x_wconf 80' lang='lat' dir='ltr'>grani,</span> <span class='ocrx_word' id='word_1_83' title='bbox 1235 1594 1426 1655; x_wconf 82' lang='lat' dir='ltr'>unius</span> <span class='ocrx_word' id='word_1_84' title='bbox 1479 1591 1662 1653; x_wconf 87' lang='lat' dir='ltr'>starii</span> <span class='ocrx_word' id='word_1_85' title='bbox 1714 1591 1913 1664; x_wconf 88' lang='lat' dir='ltr'>ordei,</span> <span class='ocrx_word' id='word_1_86' title='bbox 1972 1592 2159 1653; x_wconf 89' lang='lat' dir='ltr'>unius</span> <span class='ocrx_word' id='word_1_87' title='bbox 2212 1594 2392 1654; x_wconf 79' lang='lat' dir='ltr'>statii</span> <span class='ocrx_word' id='word_1_88' title='bbox 2446 1593 2583 1654; x_wconf 82' lang='lat' dir='ltr'>vini</span> <span class='ocrx_word' id='word_1_89' title='bbox 2628 1600 2699 1656; x_wconf 80' lang='lat' dir='ltr'>et</span> 
     </span>
     <span class='ocr_line' id='line_1_13' title="bbox 221 1688 2695 1771; baseline -0.001 -18"><span class='ocrx_word' id='word_1_90' title='bbox 221 1694 426 1753; x_wconf 89' lang='lat' dir='ltr'>unius</span> <span class='ocrx_word' id='word_1_91' title='bbox 464 1690 626 1771; x_wconf 84' lang='lat' dir='ltr'>pulli</span> <span class='ocrx_word' id='word_1_92' title='bbox 665 1691 1007 1753; x_wconf 79' lang='lat' dir='ltr'>annuatim</span> <span class='ocrx_word' id='word_1_93' title='bbox 1049 1692 1118 1751; x_wconf 92' lang='lat' dir='ltr'>in</span> <span class='ocrx_word' id='word_1_94' title='bbox 1161 1689 1305 1753; x_wconf 82' lang='lat' dir='ltr'>fest.</span> <span class='ocrx_word' id='word_1_95' title='bbox 1349 1710 1397 1751; x_wconf 91' lang='lat' dir='ltr'>s.</span> <span class='ocrx_word' id='word_1_96' title='bbox 1443 1689 1645 1751; x_wconf 82' lang='lat' dir='ltr'>Maris</span> <span class='ocrx_word' id='word_1_97' title='bbox 1671 1688 1755 1751; x_wconf 92' lang='lat' dir='ltr'>de</span> <span class='ocrx_word' id='word_1_98' title='bbox 1793 1709 1938 1770; x_wconf 83' lang='lat' dir='ltr'>aug.</span> <span class='ocrx_word' id='word_1_99' title='bbox 2024 1690 2148 1751; x_wconf 88' lang='lat' dir='ltr'>Act</span> <span class='ocrx_word' id='word_1_100' title='bbox 2210 1690 2276 1751; x_wconf 84' lang='lat' dir='ltr'>in</span> <span class='ocrx_word' id='word_1_101' title='bbox 2318 1690 2695 1771; x_wconf 81' lang='lat' dir='ltr'>Berignone.</span> 
     </span>
     <span class='ocr_line' id='line_1_14' title="bbox 225 1785 2695 1867; baseline 0 -18"><span class='ocrx_word' id='word_1_102' title='bbox 225 1788 564 1867; x_wconf 74' lang='lat' dir='ltr'>Raynerio</span> <span class='ocrx_word' id='word_1_103' title='bbox 607 1787 894 1867; x_wconf 85' lang='lat' dir='ltr'>plebano</span> <span class='ocrx_word' id='word_1_104' title='bbox 934 1786 1140 1866; x_wconf 82' lang='lat' dir='ltr'>plebis</span> <span class='ocrx_word' id='word_1_105' title='bbox 1175 1787 1261 1848; x_wconf 88' lang='lat' dir='ltr'>de</span> <span class='ocrx_word' id='word_1_106' title='bbox 1300 1785 1657 1849; x_wconf 75' lang='lat' dir='ltr'>Sol-seiano.</span> <span class='ocrx_word' id='word_1_107' title='bbox 1702 1786 1969 1849; x_wconf 87' lang='lat' dir='ltr'>Cambio</span> <span class='ocrx_word' id='word_1_108' title='bbox 2009 1785 2283 1864; x_wconf 81' lang='lat' dir='ltr'>plebano</span> <span class='ocrx_word' id='word_1_109' title='bbox 2327 1786 2411 1848; x_wconf 92' lang='lat' dir='ltr'>de</span> <span class='ocrx_word' id='word_1_110' title='bbox 2457 1786 2695 1850; x_wconf 87' lang='lat' dir='ltr'>Silano.</span> 
     </span>
     <span class='ocr_line' id='line_1_15' title="bbox 223 1881 2695 1966; baseline 0 -19"><span class='ocrx_word' id='word_1_111' title='bbox 223 1885 348 1947; x_wconf 85' lang='lat' dir='ltr'>Ser</span> <span class='ocrx_word' id='word_1_112' title='bbox 389 1885 670 1966; x_wconf 78' lang='lat' dir='ltr'>Ugolino</span> <span class='ocrx_word' id='word_1_113' title='bbox 714 1889 960 1947; x_wconf 88' lang='lat' dir='ltr'>rectore</span> <span class='ocrx_word' id='word_1_114' title='bbox 995 1884 1142 1946; x_wconf 87' lang='lat' dir='ltr'>eccl.</span> <span class='ocrx_word' id='word_1_115' title='bbox 1179 1884 1262 1947; x_wconf 90' lang='lat' dir='ltr'>de</span> <span class='ocrx_word' id='word_1_116' title='bbox 1296 1882 1654 1962; x_wconf 86' lang='lat' dir='ltr'>Berignone</span> <span class='ocrx_word' id='word_1_117' title='bbox 1695 1888 1776 1944; x_wconf 86' lang='lat' dir='ltr'>tt.</span> <span class='ocrx_word' id='word_1_118' title='bbox 1863 1881 2525 1955; x_wconf 84' lang='lat' dir='ltr'><em>MOCXXXXVIIII.</em></span> <span class='ocrx_word' id='word_1_119' title='bbox 2558 1885 2695 1947; x_wconf 90' lang='lat' dir='ltr'>ind.</span> 
     </span>
     <span class='ocr_line' id='line_1_16' title="bbox 227 1980 2697 2062; baseline 0 -18"><span class='ocrx_word' id='word_1_120' title='bbox 227 1982 434 2055; x_wconf 84' lang='lat' dir='ltr'>XIII,</span> <span class='ocrx_word' id='word_1_121' title='bbox 466 1982 749 2045; x_wconf 83' lang='lat' dir='ltr'>XXIIII</span> <span class='ocrx_word' id='word_1_122' title='bbox 787 1981 914 2045; x_wconf 82' lang='lat' dir='ltr'>feb.</span> <span class='ocrx_word' id='word_1_123' title='bbox 1002 1981 1273 2044; x_wconf 83' lang='lat' dir='ltr'>Michael</span> <span class='ocrx_word' id='word_1_124' title='bbox 1311 1981 1418 2061; x_wconf 92' lang='lat' dir='ltr'>qd.</span> <span class='ocrx_word' id='word_1_125' title='bbox 1447 1981 1695 2062; x_wconf 81' lang='lat' dir='ltr'>Muggii</span> <span class='ocrx_word' id='word_1_126' title='bbox 1718 1981 2078 2061; x_wconf 83' lang='lat' dir='ltr'>Paganighi</span> <span class='ocrx_word' id='word_1_127' title='bbox 2100 1981 2183 2043; x_wconf 90' lang='lat' dir='ltr'>de</span> <span class='ocrx_word' id='word_1_128' title='bbox 2216 1980 2456 2044; x_wconf 87' lang='lat' dir='ltr'>Sancto</span> <span class='ocrx_word' id='word_1_129' title='bbox 2485 1981 2697 2045; x_wconf 83' lang='lat' dir='ltr'>Gemi·</span> 
     </span>
     <span class='ocr_line' id='line_1_17' title="bbox 223 2078 2697 2159; baseline -0 -14"><span class='ocrx_word' id='word_1_130' title='bbox 223 2084 430 2145; x_wconf 69' lang='lat' dir='ltr'>niano</span> <span class='ocrx_word' id='word_1_131' title='bbox 471 2083 664 2145; x_wconf 83' lang='lat' dir='ltr'>iudex</span> <span class='ocrx_word' id='word_1_132' title='bbox 707 2083 841 2145; x_wconf 89' lang='lat' dir='ltr'>ord.</span> <span class='ocrx_word' id='word_1_133' title='bbox 885 2102 966 2145; x_wconf 83' lang='lat' dir='ltr'>ex</span> <span class='ocrx_word' id='word_1_134' title='bbox 1007 2081 1485 2143; x_wconf 86' lang='lat' dir='ltr'>imbreviaturis</span> <span class='ocrx_word' id='word_1_135' title='bbox 1527 2079 1751 2141; x_wconf 81' lang='lat' dir='ltr'>Iacobi</span> <span class='ocrx_word' id='word_1_136' title='bbox 1790 2079 1898 2159; x_wconf 87' lang='lat' dir='ltr'>qd.</span> <span class='ocrx_word' id='word_1_137' title='bbox 1930 2078 2175 2142; x_wconf 84' lang='lat' dir='ltr'>Posche</span> <span class='ocrx_word' id='word_1_138' title='bbox 2198 2080 2281 2142; x_wconf 90' lang='lat' dir='ltr'>de</span> <span class='ocrx_word' id='word_1_139' title='bbox 2308 2080 2550 2143; x_wconf 81' lang='lat' dir='ltr'>Sancto</span> <span class='ocrx_word' id='word_1_140' title='bbox 2577 2080 2697 2144; x_wconf 83' lang='lat' dir='ltr'>Ge-</span> 
     </span>
    </p>
   </div>
   <div class='ocr_carea' id='block_1_6' title="bbox 227 2180 2063 2352">
    <p class='ocr_par' dir='ltr' id='par_1_8' title="bbox 227 2180 2044 2352">
     <span class='ocr_line' id='line_1_18' title="bbox 227 2180 702 2244; baseline 0 -3"><span class='ocrx_word' id='word_1_141' title='bbox 227 2180 526 2244; x_wconf 84' lang='lat' dir='ltr'>miniano</span> <span class='ocrx_word' id='word_1_142' title='bbox 563 2184 702 2241; x_wconf 92' lang='lat' dir='ltr'>not.</span> 
     </span>
     <span class='ocr_line' id='line_1_19' title="bbox 565 2274 2063 2352; baseline -0.002 -13"><span class='ocrx_word' id='word_1_143' title='bbox 565 2278 727 2339; x_wconf 79' lang='lat' dir='ltr'>Vozt.</span> <span class='ocrx_word' id='word_1_144' title='bbox 772 2278 1011 2339; x_wconf 76' lang='lat' dir='ltr'>AVesc.</span> <span class='ocrx_word' id='word_1_145' title='bbox 1055 2296 1103 2337; x_wconf 75' lang='grc' dir='ltr'>ε.</span> <span class='ocrx_word' id='word_1_146' title='bbox 1147 2276 1336 2339; x_wconf 88' lang='lat' dir='ltr'><em>XIII</em></span> <span class='ocrx_word' id='word_1_147' title='bbox 1377 2275 1499 2337; x_wconf 80' lang='lat' dir='ltr'>dec.</span> <span class='ocrx_word' id='word_1_148' title='bbox 1543 2275 1625 2336; x_wconf 90' lang='lat'>10</span> <span class='ocrx_word' id='word_1_149' title='bbox 1663 2294 1724 2336; x_wconf 80' lang='grc' dir='ltr'>π.</span> <span class='ocrx_word' id='word_1_150' title='bbox 1771 2276 1852 2336; x_wconf 95' lang='grc'>40</span> <span class='ocrx_word' id='word_1_151' title='bbox 1889 2274 2063 2352; x_wconf 65' lang='grc' dir='ltr'>Θήρ.</span> 
     </span>
    </p>
   </div>
   <div class='ocr_carea' id='block_1_7' title="bbox 223 2435 2702 3391">
    <p class='ocr_par' dir='ltr' id='par_1_9' title="bbox 225 2435 2699 2513">
     <span class='ocr_line' id='line_1_20' title="bbox 225 2435 2699 2513; baseline 0.002 -20"><span class='ocrx_word' id='word_1_152' title='bbox 225 2440 373 2499; x_wconf 78' lang='grc'>994</span> <span class='ocrx_word' id='word_1_153' title='bbox 1452 2436 1588 2497; x_wconf 78' lang='lat' dir='ltr'>San</span> <span class='ocrx_word' id='word_1_154' title='bbox 1631 2435 2032 2513; x_wconf 71' lang='lat' dir='ltr'>Gimiqnavw,</span> <span class='ocrx_word' id='word_1_155' title='bbox 2075 2436 2117 2496; x_wconf 85' lang='lat'><strong><em>2</em></strong></span> <span class='ocrx_word' id='word_1_156' title='bbox 2155 2436 2479 2499; x_wconf 71' lang='lat' dir='ltr'>Dezember</span> <span class='ocrx_word' id='word_1_157' title='bbox 2519 2436 2699 2499; x_wconf 85' lang='grc'><em>1300.</em></span> 
     </span>
    </p>

    <p class='ocr_par' dir='ltr' id='par_1_10' title="bbox 223 2531 2702 3277">
     <span class='ocr_line' id='line_1_21' title="bbox 357 2531 2701 2612; baseline 0.001 -17"><span class='ocrx_word' id='word_1_158' title='bbox 357 2533 596 2607; x_wconf 61' lang='grc' dir='ltr'>ΗαΒ,</span> <span class='ocrx_word' id='word_1_159' title='bbox 641 2533 772 2594; x_wconf 91' lang='lat' dir='ltr'>ind.</span> <span class='ocrx_word' id='word_1_160' title='bbox 819 2531 1049 2603; x_wconf 88' lang='lat' dir='ltr'><em>XIIII,</em></span> <span class='ocrx_word' id='word_1_161' title='bbox 1095 2532 1163 2594; x_wconf 91' lang='lat' dir='ltr'>H</span> <span class='ocrx_word' id='word_1_162' title='bbox 1207 2532 1339 2594; x_wconf 91' lang='lat' dir='ltr'>dec.</span> <span class='ocrx_word' id='word_1_163' title='bbox 1431 2531 1900 2611; x_wconf 80' lang='lat' dir='ltr'>Raynerius</span> <span class='ocrx_word' id='word_1_164' title='bbox 1940 2552 2037 2612; x_wconf 87' lang='lat' dir='ltr'>ep.</span> <span class='ocrx_word' id='word_1_165' title='bbox 2084 2532 2256 2595; x_wconf 87' lang='lat' dir='ltr'>Vult.</span> <span class='ocrx_word' id='word_1_166' title='bbox 2301 2532 2701 2597; x_wconf 73' lang='lat' dir='ltr'>Ber-nardino</span> 
     </span>
     <span class='ocr_line' id='line_1_22' title="bbox 223 2629 2698 2743; baseline -0 -50"><span class='ocrx_word' id='word_1_167' title='bbox 223 2633 416 2693; x_wconf 87' lang='lat' dir='ltr'>dicto</span> <span class='ocrx_word' id='word_1_168' title='bbox 456 2632 794 2743; x_wconf 76' lang='lat' dir='ltr'>Proposito</span> <span class='ocrx_word' id='word_1_169' title='bbox 835 2630 880 2691; x_wconf 79' lang='lat' dir='ltr'>f.</span> <span class='ocrx_word' id='word_1_170' title='bbox 926 2631 1035 2709; x_wconf 80' lang='lat' dir='ltr'>qd.</span> <span class='ocrx_word' id='word_1_171' title='bbox 1081 2630 1391 2710; x_wconf 76' lang='lat' dir='ltr'>Raynerii</span> <span class='ocrx_word' id='word_1_172' title='bbox 1427 2630 1511 2692; x_wconf 90' lang='lat' dir='ltr'>de</span> <span class='ocrx_word' id='word_1_173' title='bbox 1537 2630 1904 2692; x_wconf 82' lang='lat' dir='ltr'>Castillione</span> <span class='ocrx_word' id='word_1_174' title='bbox 1930 2632 2011 2693; x_wconf 89' lang='lat' dir='ltr'>de</span> <span class='ocrx_word' id='word_1_175' title='bbox 2036 2629 2233 2692; x_wconf 90' lang='lat' dir='ltr'>domo</span> <span class='ocrx_word' id='word_1_176' title='bbox 2260 2630 2698 2694; x_wconf 82' lang='lat' dir='ltr'>Pannochien-</span> 
     </span>
     <span class='ocr_line' id='line_1_23' title="bbox 228 2728 2698 2809; baseline 0.001 -19"><span class='ocrx_word' id='word_1_177' title='bbox 228 2732 407 2790; x_wconf 88' lang='lat' dir='ltr'>sium</span> <span class='ocrx_word' id='word_1_178' title='bbox 449 2729 689 2791; x_wconf 84' lang='lat' dir='ltr'>vicario</span> <span class='ocrx_word' id='word_1_179' title='bbox 729 2747 848 2789; x_wconf 86' lang='lat' dir='ltr'>suo</span> <span class='ocrx_word' id='word_1_180' title='bbox 889 2728 1075 2789; x_wconf 90' lang='lat' dir='ltr'>dedit</span> <span class='ocrx_word' id='word_1_181' title='bbox 1112 2747 1233 2808; x_wconf 89' lang='lat' dir='ltr'>pro</span> <span class='ocrx_word' id='word_1_182' title='bbox 1273 2728 1796 2809; x_wconf 82' lang='lat' dir='ltr'>compensatione</span> <span class='ocrx_word' id='word_1_183' title='bbox 1837 2728 1923 2789; x_wconf 82' lang='lat' dir='ltr'>ad</span> <span class='ocrx_word' id='word_1_184' title='bbox 1961 2728 2022 2789; x_wconf 90' lang='lat' dir='ltr'><strong>V</strong></span> <span class='ocrx_word' id='word_1_185' title='bbox 2048 2748 2252 2791; x_wconf 82' lang='lat' dir='ltr'>annos</span> <span class='ocrx_word' id='word_1_186' title='bbox 2278 2729 2570 2792; x_wconf 88' lang='lat' dir='ltr'>redditus</span> <span class='ocrx_word' id='word_1_187' title='bbox 2596 2750 2698 2793; x_wconf 78' lang='lat' dir='ltr'>ca·</span> 
     </span>
     <span class='ocr_line' id='line_1_24' title="bbox 231 2824 2701 2905; baseline 0 -18"><span class='ocrx_word' id='word_1_188' title='bbox 231 2828 356 2887; x_wconf 87' lang='lat' dir='ltr'>stri</span> <span class='ocrx_word' id='word_1_189' title='bbox 396 2825 480 2887; x_wconf 87' lang='lat' dir='ltr'>de</span> <span class='ocrx_word' id='word_1_190' title='bbox 521 2826 887 2887; x_wconf 85' lang='lat' dir='ltr'>Vechienna</span> <span class='ocrx_word' id='word_1_191' title='bbox 927 2824 1010 2886; x_wconf 92' lang='lat' dir='ltr'>de</span> <span class='ocrx_word' id='word_1_192' title='bbox 1051 2826 1222 2887; x_wconf 87' lang='lat' dir='ltr'>curie</span> <span class='ocrx_word' id='word_1_193' title='bbox 1263 2825 1344 2886; x_wconf 90' lang='lat' dir='ltr'>de</span> <span class='ocrx_word' id='word_1_194' title='bbox 1387 2825 1621 2887; x_wconf 85' lang='lat' dir='ltr'>Cornia</span> <span class='ocrx_word' id='word_1_195' title='bbox 1660 2831 1933 2905; x_wconf 85' lang='lat' dir='ltr'>excepto</span> <span class='ocrx_word' id='word_1_196' title='bbox 1972 2824 2159 2887; x_wconf 78' lang='lat' dir='ltr'>fodro</span> <span class='ocrx_word' id='word_1_197' title='bbox 2204 2825 2287 2887; x_wconf 90' lang='lat' dir='ltr'>de</span> <span class='ocrx_word' id='word_1_198' title='bbox 2335 2825 2701 2889; x_wconf 87' lang='lat' dir='ltr'>Vechienna</span> 
     </span>
     <span class='ocr_line' id='line_1_25' title="bbox 226 2922 2701 3003; baseline 0 -18"><span class='ocrx_word' id='word_1_199' title='bbox 226 2930 308 2986; x_wconf 81' lang='lat' dir='ltr'>et</span> <span class='ocrx_word' id='word_1_200' title='bbox 345 2923 710 2985; x_wconf 73' lang='lat' dir='ltr'>redditibus</span> <span class='ocrx_word' id='word_1_201' title='bbox 747 2924 830 2985; x_wconf 89' lang='lat' dir='ltr'>de</span> <span class='ocrx_word' id='word_1_202' title='bbox 871 2922 1259 3003; x_wconf 81' lang='lat' dir='ltr'>Lusignano.</span> <span class='ocrx_word' id='word_1_203' title='bbox 1345 2925 1486 2984; x_wconf 89' lang='lat' dir='ltr'>Act.</span> <span class='ocrx_word' id='word_1_204' title='bbox 1530 2925 1595 2985; x_wconf 91' lang='lat' dir='ltr'>in</span> <span class='ocrx_word' id='word_1_205' title='bbox 1638 2922 1880 2985; x_wconf 80' lang='lat' dir='ltr'>Sancto</span> <span class='ocrx_word' id='word_1_206' title='bbox 1923 2923 2305 2987; x_wconf 84' lang='lat' dir='ltr'>Geminiano</span> <span class='ocrx_word' id='word_1_207' title='bbox 2349 2926 2417 2986; x_wconf 91' lang='lat' dir='ltr'>in</span> <span class='ocrx_word' id='word_1_208' title='bbox 2458 2924 2701 3003; x_wconf 83' lang='lat' dir='ltr'>palatio</span> 
     </span>
     <span class='ocr_line' id='line_1_26' title="bbox 231 3021 2702 3103; baseline -0.001 -18"><span class='ocrx_word' id='word_1_209' title='bbox 231 3022 445 3103; x_wconf 88' lang='lat' dir='ltr'>plebis</span> <span class='ocrx_word' id='word_1_210' title='bbox 483 3023 697 3084; x_wconf 86' lang='lat' dir='ltr'>castri.</span> <span class='ocrx_word' id='word_1_211' title='bbox 787 3022 903 3092; x_wconf 86' lang='lat' dir='ltr'>Ser</span> <span class='ocrx_word' id='word_1_212' title='bbox 927 3021 1162 3084; x_wconf 83' lang='lat' dir='ltr'>Grasso</span> <span class='ocrx_word' id='word_1_213' title='bbox 1202 3026 1448 3083; x_wconf 86' lang='lat' dir='ltr'>rectore</span> <span class='ocrx_word' id='word_1_214' title='bbox 1476 3021 1624 3083; x_wconf 90' lang='lat' dir='ltr'>eccl.</span> <span class='ocrx_word' id='word_1_215' title='bbox 1654 3042 1702 3083; x_wconf 87' lang='lat' dir='ltr'>s.</span> <span class='ocrx_word' id='word_1_216' title='bbox 1732 3021 2061 3083; x_wconf 77' lang='lat' dir='ltr'>Michaelis</span> <span class='ocrx_word' id='word_1_217' title='bbox 2087 3022 2172 3084; x_wconf 92' lang='lat' dir='ltr'>de</span> <span class='ocrx_word' id='word_1_218' title='bbox 2198 3022 2539 3084; x_wconf 79' lang='lat' dir='ltr'>Barbialla.</span> <span class='ocrx_word' id='word_1_219' title='bbox 2571 3022 2702 3084; x_wconf 87' lang='lat' dir='ltr'>An-</span> 
     </span>
     <span class='ocr_line' id='line_1_27' title="bbox 227 3115 2700 3180; baseline 0 -1"><span class='ocrx_word' id='word_1_220' title='bbox 227 3120 396 3179; x_wconf 83' lang='lat' dir='ltr'>drea</span> <span class='ocrx_word' id='word_1_221' title='bbox 434 3116 664 3180; x_wconf 87' lang='lat' dir='ltr'>clerico</span> <span class='ocrx_word' id='word_1_222' title='bbox 701 3118 857 3180; x_wconf 90' lang='lat' dir='ltr'>olim</span> <span class='ocrx_word' id='word_1_223' title='bbox 897 3118 1248 3179; x_wconf 85' lang='lat' dir='ltr'>Benincase</span> <span class='ocrx_word' id='word_1_224' title='bbox 1289 3118 1371 3180; x_wconf 89' lang='lat' dir='ltr'>de</span> <span class='ocrx_word' id='word_1_225' title='bbox 1411 3116 1646 3179; x_wconf 82' lang='lat' dir='ltr'>Leona.</span> <span class='ocrx_word' id='word_1_226' title='bbox 1690 3117 1921 3180; x_wconf 81' lang='lat' dir='ltr'>Ciardo</span> <span class='ocrx_word' id='word_1_227' title='bbox 1947 3115 2101 3179; x_wconf 89' lang='lat' dir='ltr'>olim</span> <span class='ocrx_word' id='word_1_228' title='bbox 2128 3116 2363 3179; x_wconf 79' lang='lat' dir='ltr'>Muzzii</span> <span class='ocrx_word' id='word_1_229' title='bbox 2388 3119 2469 3179; x_wconf 91' lang='lat' dir='ltr'>de</span> <span class='ocrx_word' id='word_1_230' title='bbox 2494 3116 2556 3179; x_wconf 85' lang='lat' dir='ltr'>S.</span> <span class='ocrx_word' id='word_1_231' title='bbox 2580 3116 2700 3180; x_wconf 83' lang='lat' dir='ltr'>Ge-</span> 
     </span>
     <span class='ocr_line' id='line_1_28' title="bbox 231 3213 2295 3277; baseline -0 0"><span class='ocrx_word' id='word_1_232' title='bbox 231 3215 527 3277; x_wconf 78' lang='lat' dir='ltr'>miniano</span> <span class='ocrx_word' id='word_1_233' title='bbox 564 3221 644 3276; x_wconf 85' lang='lat' dir='ltr'>tt.</span> <span class='ocrx_word' id='word_1_234' title='bbox 737 3213 1014 3277; x_wconf 81' lang='lat' dir='ltr'>Iacobus</span> <span class='ocrx_word' id='word_1_235' title='bbox 1051 3214 1298 3277; x_wconf 88' lang='lat' dir='ltr'>Posohe</span> <span class='ocrx_word' id='word_1_236' title='bbox 1336 3215 1418 3277; x_wconf 91' lang='lat' dir='ltr'>de</span> <span class='ocrx_word' id='word_1_237' title='bbox 1458 3214 1698 3277; x_wconf 86' lang='lat' dir='ltr'>Sancto</span> <span class='ocrx_word' id='word_1_238' title='bbox 1738 3213 2119 3277; x_wconf 83' lang='lat' dir='ltr'>Geminiano</span> <span class='ocrx_word' id='word_1_239' title='bbox 2160 3221 2295 3276; x_wconf 91' lang='lat' dir='ltr'>not.</span> 
     </span>
    </p>

    <p class='ocr_par' dir='ltr' id='par_1_11' title="bbox 569 3312 2055 3391">
     <span class='ocr_line' id='line_1_29' title="bbox 569 3312 2055 3391; baseline 0.001 -18"><span class='ocrx_word' id='word_1_240' title='bbox 569 3312 724 3375; x_wconf 78' lang='lat' dir='ltr'>Vozt.</span> <span class='ocrx_word' id='word_1_241' title='bbox 771 3312 1008 3375; x_wconf 76' lang='lat' dir='ltr'>AVesc.</span> <span class='ocrx_word' id='word_1_242' title='bbox 1049 3333 1100 3374; x_wconf 76' lang='grc' dir='ltr'>ε.</span> <span class='ocrx_word' id='word_1_243' title='bbox 1142 3312 1333 3374; x_wconf 88' lang='lat' dir='ltr'><em>XIII</em></span> <span class='ocrx_word' id='word_1_244' title='bbox 1375 3314 1495 3374; x_wconf 80' lang='lat' dir='ltr'>dec.</span> <span class='ocrx_word' id='word_1_245' title='bbox 1539 3313 1621 3373; x_wconf 91' lang='grc'>10</span> <span class='ocrx_word' id='word_1_246' title='bbox 1659 3334 1718 3374; x_wconf 82' lang='lat' dir='ltr'>n.</span> <span class='ocrx_word' id='word_1_247' title='bbox 1765 3312 1846 3374; x_wconf 88' lang='grc'>48</span> <span class='ocrx_word' id='word_1_248' title='bbox 1885 3312 2055 3391; x_wconf 72' lang='lat' dir='ltr'>Oriq.</span> 
     </span>
    </p>
   </div>
   <div class='ocr_carea' id='block_1_8' title="bbox 229 3481 2705 4636">
    <p class='ocr_par' dir='ltr' id='par_1_12' title="bbox 229 3481 2705 4636">
     <span class='ocr_line' id='line_1_30' title="bbox 229 3481 2700 3562; baseline 0 -17"><span class='ocrx_word' id='word_1_249' title='bbox 229 3484 378 3546; x_wconf 71' lang='lat'>995.</span> <span class='ocrx_word' id='word_1_250' title='bbox 425 3492 428 3495; x_wconf 82' lang='grc'><strong>’</strong></span> <span class='ocrx_word' id='word_1_251' title='bbox 1947 3482 2125 3556; x_wconf 81' lang='lat' dir='ltr'>Rom,</span> <span class='ocrx_word' id='word_1_252' title='bbox 2169 3483 2252 3544; x_wconf 84' lang='grc'>17</span> <span class='ocrx_word' id='word_1_253' title='bbox 2292 3484 2484 3562; x_wconf 78' lang='lat' dir='ltr'>April</span> <span class='ocrx_word' id='word_1_254' title='bbox 2521 3481 2700 3545; x_wconf 85' lang='lat'><strong><em>1301.</em></strong></span> 
     </span>
     <span class='ocr_line' id='line_1_31' title="bbox 363 3578 2705 3660; baseline 0.002 -19"><span class='ocrx_word' id='word_1_255' title='bbox 363 3580 852 3645; x_wconf 74' lang='lat' dir='ltr'>Bonifatius</span> <span class='ocrx_word' id='word_1_256' title='bbox 901 3578 1102 3640; x_wconf 89' lang='lat' dir='ltr'><em>VIII</em></span> <span class='ocrx_word' id='word_1_257' title='bbox 1143 3580 1420 3660; x_wconf 76' lang='lat' dir='ltr'>plebano</span> <span class='ocrx_word' id='word_1_258' title='bbox 1474 3581 1554 3642; x_wconf 92' lang='lat' dir='ltr'>de</span> <span class='ocrx_word' id='word_1_259' title='bbox 1610 3580 1882 3643; x_wconf 83' lang='lat' dir='ltr'>Chianni</span> <span class='ocrx_word' id='word_1_260' title='bbox 1937 3581 2112 3644; x_wconf 88' lang='lat' dir='ltr'>Vult.</span> <span class='ocrx_word' id='word_1_261' title='bbox 2156 3583 2318 3645; x_wconf 89' lang='lat' dir='ltr'>dioc.</span> <span class='ocrx_word' id='word_1_262' title='bbox 2422 3582 2705 3645; x_wconf 79' lang='lat' dir='ltr'>Nuntiat</span> 
     </span>
     <span class='ocr_line' id='line_1_32' title="bbox 233 3648 2701 3761; baseline 0.001 -20"><span class='ocrx_word' id='word_1_263' title='bbox 233 3678 418 3761; x_wconf 88' lang='lat' dir='ltr'>quod</span> <span class='ocrx_word' id='word_1_264' title='bbox 461 3679 542 3740; x_wconf 88' lang='lat' dir='ltr'>R.</span> <span class='ocrx_word' id='word_1_265' title='bbox 587 3678 796 3741; x_wconf 85' lang='lat' dir='ltr'>abbas</span> <span class='ocrx_word' id='word_1_266' title='bbox 832 3686 902 3741; x_wconf 90' lang='lat' dir='ltr'>et</span> <span class='ocrx_word' id='word_1_267' title='bbox 927 3685 1286 3740; x_wconf 84' lang='lat' dir='ltr'>conventus</span> <span class='ocrx_word' id='word_1_268' title='bbox 1311 3698 1360 3741; x_wconf 91' lang='lat' dir='ltr'>s</span> <span class='ocrx_word' id='word_1_269' title='bbox 1391 3678 1589 3741; x_wconf 84' lang='lat' dir='ltr'>Maris</span> <span class='ocrx_word' id='word_1_270' title='bbox 1616 3678 1698 3740; x_wconf 92' lang='lat' dir='ltr'>de</span> <span class='ocrx_word' id='word_1_271' title='bbox 1723 3648 2026 3742; x_wconf 80' lang='lat' dir='ltr'>Morrona</span> <span class='ocrx_word' id='word_1_272' title='bbox 2052 3680 2185 3743; x_wconf 92' lang='lat' dir='ltr'>ord.</span> <span class='ocrx_word' id='word_1_273' title='bbox 2215 3678 2499 3745; x_wconf 85' lang='lat' dir='ltr'>Camald.</span> <span class='ocrx_word' id='word_1_274' title='bbox 2523 3681 2701 3743; x_wconf 87' lang='lat' dir='ltr'>Vult.</span> 
     </span>
     <span class='ocr_line' id='line_1_33' title="bbox 231 3776 2701 3857; baseline 0 -18"><span class='ocrx_word' id='word_1_275' title='bbox 231 3777 406 3839; x_wconf 89' lang='lat' dir='ltr'>dioc.</span> <span class='ocrx_word' id='word_1_276' title='bbox 424 3782 494 3838; x_wconf 89' lang='lat' dir='ltr'>et</span> <span class='ocrx_word' id='word_1_277' title='bbox 515 3777 989 3857; x_wconf 83' lang='lat' dir='ltr'>predecessores</span> <span class='ocrx_word' id='word_1_278' title='bbox 1015 3778 1313 3850; x_wconf 71' lang='lat' dir='ltr'>decimae,</span> <span class='ocrx_word' id='word_1_279' title='bbox 1346 3783 1565 3850; x_wconf 84' lang='lat' dir='ltr'>terras,</span> <span class='ocrx_word' id='word_1_280' title='bbox 1594 3776 1768 3839; x_wconf 84' lang='lat' dir='ltr'>bona</span> <span class='ocrx_word' id='word_1_281' title='bbox 1793 3776 2035 3839; x_wconf 80' lang='lat' dir='ltr'>clericis</span> <span class='ocrx_word' id='word_1_282' title='bbox 2062 3786 2131 3839; x_wconf 89' lang='lat' dir='ltr'>et</span> <span class='ocrx_word' id='word_1_283' title='bbox 2156 3778 2333 3840; x_wconf 84' lang='lat' dir='ltr'>laicis</span> <span class='ocrx_word' id='word_1_284' title='bbox 2360 3779 2444 3841; x_wconf 86' lang='lat' dir='ltr'>ad</span> <span class='ocrx_word' id='word_1_285' title='bbox 2472 3780 2701 3851; x_wconf 81' lang='lat' dir='ltr'>vitam,</span> 
     </span>
     <span class='ocr_line' id='line_1_34' title="bbox 235 3872 2699 3955; baseline 0 -19"><span class='ocrx_word' id='word_1_286' title='bbox 235 3874 325 3936; x_wconf 81' lang='lat' dir='ltr'>ad</span> <span class='ocrx_word' id='word_1_287' title='bbox 370 3878 648 3955; x_wconf 78' lang='lat' dir='ltr'>tempus,</span> <span class='ocrx_word' id='word_1_288' title='bbox 705 3878 1020 3953; x_wconf 85' lang='lat' dir='ltr'>perpetuo</span> <span class='ocrx_word' id='word_1_289' title='bbox 1075 3880 1539 3935; x_wconf 85' lang='lat' dir='ltr'>concesserunt.</span> <span class='ocrx_word' id='word_1_290' title='bbox 1597 3872 1888 3949; x_wconf 83' lang='lat' dir='ltr'>Mandat,</span> <span class='ocrx_word' id='word_1_291' title='bbox 1948 3877 2253 3954; x_wconf 72' lang='lat' dir='ltr'>quatinus</span> <span class='ocrx_word' id='word_1_292' title='bbox 2294 3896 2372 3937; x_wconf 88' lang='lat' dir='ltr'>ea</span> <span class='ocrx_word' id='word_1_293' title='bbox 2422 3881 2699 3937; x_wconf 79' lang='lat' dir='ltr'>revocet.</span> 
     </span>
     <span class='ocr_line' id='line_1_35' title="bbox 235 3970 2432 4051; baseline 0 -18"><span class='ocrx_word' id='word_1_294' title='bbox 235 3994 268 4033; x_wconf 65' lang='grc'><strong>4</strong></span> <span class='ocrx_word' id='word_1_295' title='bbox 287 3972 394 4033; x_wconf 74' lang='lat' dir='ltr'>Ad</span> <span class='ocrx_word' id='word_1_296' title='bbox 437 3971 834 4034; x_wconf 81' lang='lat' dir='ltr'>audientiam</span> <span class='ocrx_word' id='word_1_297' title='bbox 856 3990 900 4031; x_wconf 61' lang='lat' dir='ltr'>t.</span> <span class='ocrx_word' id='word_1_298' title='bbox 971 3971 1146 4033; x_wconf 82' lang='lat' dir='ltr'>Dat.</span> <span class='ocrx_word' id='word_1_299' title='bbox 1187 3970 1495 4034; x_wconf 73' lang='lat' dir='ltr'>Laterani</span> <span class='ocrx_word' id='word_1_300' title='bbox 1533 3971 1661 4033; x_wconf 91' lang='lat' dir='ltr'>XV</span> <span class='ocrx_word' id='word_1_301' title='bbox 1700 3971 1824 4032; x_wconf 83' lang='lat' dir='ltr'>kal.</span> <span class='ocrx_word' id='word_1_302' title='bbox 1869 3973 2019 4041; x_wconf 85' lang='lat' dir='ltr'>mai,</span> <span class='ocrx_word' id='word_1_303' title='bbox 2062 3977 2241 4051; x_wconf 85' lang='lat' dir='ltr'>pont.</span> <span class='ocrx_word' id='word_1_304' title='bbox 2284 3972 2432 4035; x_wconf 92' lang='lat' dir='ltr'><em>VII.</em></span> 
     </span>
     <span class='ocr_line' id='line_1_36' title="bbox 575 4066 2701 4145; baseline 0.001 -16"><span class='ocrx_word' id='word_1_305' title='bbox 575 4068 736 4129; x_wconf 75' lang='lat' dir='ltr'>Vult.</span> <span class='ocrx_word' id='word_1_306' title='bbox 779 4066 1018 4131; x_wconf 70' lang='lat' dir='ltr'>AVesc.</span> <span class='ocrx_word' id='word_1_307' title='bbox 1061 4086 1110 4127; x_wconf 77' lang='grc' dir='ltr'>ε.</span> <span class='ocrx_word' id='word_1_308' title='bbox 1154 4066 1342 4128; x_wconf 89' lang='lat' dir='ltr'><em>XIII</em></span> <span class='ocrx_word' id='word_1_309' title='bbox 1381 4067 1502 4129; x_wconf 77' lang='lat' dir='ltr'>dec.</span> <span class='ocrx_word' id='word_1_310' title='bbox 1547 4067 1629 4128; x_wconf 90' lang='grc'>10</span> <span class='ocrx_word' id='word_1_311' title='bbox 1669 4088 1732 4129; x_wconf 81' lang='lat' dir='ltr'>n.</span> <span class='ocrx_word' id='word_1_312' title='bbox 1778 4068 1858 4129; x_wconf 85' lang='grc'>43</span> <span class='ocrx_word' id='word_1_313' title='bbox 1912 4067 2081 4145; x_wconf 71' lang='grc' dir='ltr'><em>Ονίρ.</em></span> <span class='ocrx_word' id='word_1_314' title='bbox 2151 4068 2359 4145; x_wconf 68' lang='lat' dir='ltr'>(Bulla</span> <span class='ocrx_word' id='word_1_315' title='bbox 2410 4069 2701 4132; x_wconf 63' lang='lat' dir='ltr'>ver-lorea.</span> 
     </span>
     <span class='ocr_line' id='line_1_37' title="bbox 565 4162 2703 4245; baseline 0.001 -18"><span class='ocrx_word' id='word_1_316' title='bbox 565 4162 703 4243; x_wconf 69' lang='lat' dir='ltr'>Aut</span> <span class='ocrx_word' id='word_1_317' title='bbox 742 4164 851 4227; x_wconf 81' lang='lat' dir='ltr'>der</span> <span class='ocrx_word' id='word_1_318' title='bbox 890 4164 1222 4227; x_wconf 66' lang='lat' dir='ltr'>Baeickseite</span> <span class='ocrx_word' id='word_1_319' title='bbox 1261 4164 1566 4227; x_wconf 85' lang='lat' dir='ltr'>Cambius</span> <span class='ocrx_word' id='word_1_320' title='bbox 1627 4167 1955 4245; x_wconf 73' lang='lat' dir='ltr'>impetrat.</span> <span class='ocrx_word' id='word_1_321' title='bbox 2009 4164 2419 4228; x_wconf 84' lang='lat' dir='ltr'>Guillielmus.</span> <span class='ocrx_word' id='word_1_322' title='bbox 2476 4174 2703 4229; x_wconf 80' lang='lat' dir='ltr'>contra</span> 
     </span>
     <span class='ocr_line' id='line_1_38' title="bbox 566 4261 2705 4341; baseline 0 -17"><span class='ocrx_word' id='word_1_323' title='bbox 566 4262 685 4325; x_wconf 82' lang='lat' dir='ltr'>fiat</span> <span class='ocrx_word' id='word_1_324' title='bbox 727 4262 942 4324; x_wconf 82' lang='lat' dir='ltr'>cautio</span> <span class='ocrx_word' id='word_1_325' title='bbox 983 4282 1064 4323; x_wconf 81' lang='lat' dir='ltr'>ex</span> <span class='ocrx_word' id='word_1_326' title='bbox 1105 4261 1314 4323; x_wconf 87' lang='lat' dir='ltr'>officio</span> <span class='ocrx_word' id='word_1_327' title='bbox 1355 4262 1572 4337; x_wconf 56' lang='lat' dir='ltr'>eidem⁴</span> <span class='ocrx_word' id='word_1_328' title='bbox 1591 4261 1670 4338; x_wconf 84' lang='lat' dir='ltr'>G(</span> <span class='ocrx_word' id='word_1_329' title='bbox 1678 4261 2009 4341; x_wconf 81' lang='lat' dir='ltr'>uillielmo)</span> <span class='ocrx_word' id='word_1_330' title='bbox 2048 4265 2449 4341; x_wconf 78' lang='lat' dir='ltr'>procuratori</span> <span class='ocrx_word' id='word_1_331' title='bbox 2485 4262 2705 4325; x_wconf 83' lang='lat' dir='ltr'>fratris</span> 
     </span>
     <span class='ocr_line' id='line_1_39' title="bbox 569 4358 2705 4441; baseline 0 -18"><span class='ocrx_word' id='word_1_332' title='bbox 569 4358 776 4423; x_wconf 81' lang='lat' dir='ltr'>Davit</span> <span class='ocrx_word' id='word_1_333' title='bbox 793 4362 1020 4441; x_wconf 88' lang='lat' dir='ltr'>prioris</span> <span class='ocrx_word' id='word_1_334' title='bbox 1041 4360 1345 4430; x_wconf 66' lang='lat' dir='ltr'>camald„</span> <span class='ocrx_word' id='word_1_335' title='bbox 1369 4360 1544 4440; x_wconf 91' lang='lat' dir='ltr'>quod</span> <span class='ocrx_word' id='word_1_336' title='bbox 1565 4366 1827 4440; x_wconf 85' lang='lat' dir='ltr'>propter</span> <span class='ocrx_word' id='word_1_337' title='bbox 1847 4360 2437 4423; x_wconf 78' lang='lat' dir='ltr'>denominationem</span> <span class='ocrx_word' id='word_1_338' title='bbox 2460 4362 2705 4427; x_wconf 69' lang='lat' dir='ltr'>nullum</span> 
     </span>
     <span class='ocr_line' id='line_1_40' title="bbox 569 4457 2703 4539; baseline 0.001 -20"><span class='ocrx_word' id='word_1_339' title='bbox 569 4459 988 4539; x_wconf 85' lang='lat' dir='ltr'>preiudicium</span> <span class='ocrx_word' id='word_1_340' title='bbox 1028 4464 1386 4538; x_wconf 82' lang='lat' dir='ltr'>generetur,</span> <span class='ocrx_word' id='word_1_341' title='bbox 1431 4460 1585 4537; x_wconf 87' lang='lat' dir='ltr'>quia</span> <span class='ocrx_word' id='word_1_342' title='bbox 1623 4459 1891 4519; x_wconf 86' lang='lat' dir='ltr'>nomina</span> <span class='ocrx_word' id='word_1_343' title='bbox 1943 4478 2009 4518; x_wconf 89' lang='lat' dir='ltr'>se</span> <span class='ocrx_word' id='word_1_344' title='bbox 2063 4457 2285 4532; x_wconf 86' lang='lat' dir='ltr'>abbas,</span> <span class='ocrx_word' id='word_1_345' title='bbox 2344 4460 2523 4538; x_wconf 90' lang='lat' dir='ltr'>quod</span> <span class='ocrx_word' id='word_1_346' title='bbox 2572 4478 2703 4521; x_wconf 90' lang='lat' dir='ltr'>non</span> 
     </span>
     <span class='ocr_line' id='line_1_41' title="bbox 573 4554 2579 4636; baseline 0 -17"><span class='ocrx_word' id='word_1_347' title='bbox 573 4556 840 4619; x_wconf 82' lang='lat' dir='ltr'>absente</span> <span class='ocrx_word' id='word_1_348' title='bbox 881 4562 948 4617; x_wconf 86' lang='lat' dir='ltr'>et</span> <span class='ocrx_word' id='word_1_349' title='bbox 991 4556 1166 4634; x_wconf 92' lang='lat' dir='ltr'>quod</span> <span class='ocrx_word' id='word_1_350' title='bbox 1205 4576 1320 4636; x_wconf 86' lang='lat' dir='ltr'>per</span> <span class='ocrx_word' id='word_1_351' title='bbox 1360 4556 1615 4616; x_wconf 83' lang='lat' dir='ltr'>easdem</span> <span class='ocrx_word' id='word_1_352' title='bbox 1657 4555 1906 4617; x_wconf 83' lang='lat' dir='ltr'>litteras</span> <span class='ocrx_word' id='word_1_353' title='bbox 1947 4575 2079 4617; x_wconf 91' lang='lat' dir='ltr'>non</span> <span class='ocrx_word' id='word_1_354' title='bbox 2118 4554 2579 4635; x_wconf 78' lang='lat' dir='ltr'>conveniatur).</span> 
     </span>
    </p>
   </div>
   <div class='ocr_carea' id='block_1_9' title="bbox 392 4762 2158 4827">
    <p class='ocr_par' dir='ltr' id='par_1_13' title="bbox 392 4762 2158 4827">
     <span class='ocr_line' id='line_1_42' title="bbox 392 4762 2158 4827; baseline -0.001 -13"><span class='ocrx_word' id='word_1_355' title='bbox 392 4762 434 4827; x_wconf 84' lang='lat'>¹)</span> <span class='ocrx_word' id='word_1_356' title='bbox 475 4763 688 4827; x_wconf 63' lang='lat' dir='ltr'>Polum</span> <span class='ocrx_word' id='word_1_357' title='bbox 728 4763 818 4814; x_wconf 60' lang='lat' dir='ltr'>dds</span> <span class='ocrx_word' id='word_1_358' title='bbox 853 4764 1074 4814; x_wconf 71' lang='lat' dir='ltr'>Nomen</span> <span class='ocrx_word' id='word_1_359' title='bbox 1109 4778 1212 4813; x_wconf 73' lang='lat' dir='ltr'>von</span> <span class='ocrx_word' id='word_1_360' title='bbox 1247 4766 1314 4814; x_wconf 85' lang='lat'>57</span> <span class='ocrx_word' id='word_1_361' title='bbox 1352 4763 1648 4815; x_wconf 65' lang='lat' dir='ltr'>Rutulus-m</span> <span class='ocrx_word' id='word_1_362' title='bbox 1681 4764 1798 4814; x_wconf 76' lang='lat' dir='ltr'>und</span> <span class='ocrx_word' id='word_1_363' title='bbox 1831 4764 1939 4814; x_wconf 74' lang='lat' dir='ltr'>dm</span> <span class='ocrx_word' id='word_1_364' title='bbox 1973 4764 2158 4827; x_wconf 70' lang='lat' dir='ltr'>delf.</span> 
     </span>
    </p>
   </div>
  </div>
 </body>
</html>
