3817 5642
785 587 1233 643 REGESTUM
1270 588 1962 645 VOLATERRANUM
2496 593 2601 647 309

133 791 206 844 et
235 785 536 844 Alexium
567 784 674 863 qd.
709 783 984 846 Renaidi
1011 784 1236 846 Iacobi
1259 790 1707 865 procuratores
1736 805 1886 846 suos
1914 784 2213 847 absentes
2244 788 2601 849 constituit.

135 884 269 941 Act
315 880 510 942 Senis.
634 879 972 942 Fratribus
1013 881 1240 959 Ugone
1281 882 1362 941 de
1402 879 1734 941 Ubertinis
1775 888 1842 941 et
1883 881 2229 943 Bonefatio
2270 884 2351 944 de
2393 884 2607 944 Massa

134 978 276 1039 ord.
324 979 508 1039 Pred.
552 978 766 1040 Cenne
806 983 1050 1039 rectore
1091 998 1138 1039 s.
1178 979 1358 1039 Petri
1383 978 1467 1037 de
1495 978 1706 1040 Uvile.
1737 980 1953 1042 Presb.
1981 980 2260 1060 Ugolino
2292 981 2398 1061 qd.
2428 980 2600 1060 Ugo-

137 1076 258 1136 lini
287 1075 766 1137 Beneventure.
797 1076 1130 1137 Petruccio
1161 1075 1474 1137 Gnidonis
1500 1076 1584 1137 de
1610 1076 1969 1156 Catignano
1991 1097 2130 1139 can.
2157 1078 2305 1140 eccl.
2329 1098 2375 1139 e.
2410 1077 2599 1139 Petri.

137 1173 360 1233 Guido
403 1172 666 1233 Rubeus
709 1172 814 1251 qd.
861 1171 1082 1233 Iannis
1108 1174 1152 1248 ¹)
1197 1177 1331 1233 not.

473 1270 632 1332 Volt.
679 1270 916 1332 AVesc.
961 1288 1008 1329 8.
1053 1269 1242 1331 XIII
1284 1270 1408 1333 dec.
1453 1272 1493 1332 9
1533 1292 1595 1332 n.
1641 1272 1722 1333 26
1761 1273 1906 1333 zwei
1948 1274 2121 1350 Θήρ.

136 1467 286 1524 915.
1623 1466 1921 1545 Peruyia,
1966 1469 2005 1528 9
2044 1468 2381 1530 November
2420 1468 2603 1531 1284.

263 1562 678 1625 Martinus
719 1563 824 1623 IV
879 1562 1146 1625 Alberto
1201 1582 1341 1623 can.
1387 1563 1574 1625 Mass.
1673 1562 1959 1625 Nuntiat
2014 1564 2461 1644 (Raynerium)
2504 1586 2600 1644 ep

141 1660 318 1721 Vult.
363 1659 488 1720 sibi
529 1660 937 1739 significasse,
987 1662 1184 1739 quod,
1241 1680 1390 1721 cum
1445 1660 1836 1722 Germ-dinus
1891 1661 2254 1723 Guidelotti
2310 1669 2377 1723 et
2430 1666 2601 1735 socii,

137 1760 313 1819 cives
349 1763 418 1816 et
445 1764 832 1818 mercatores
858 1757 1278 1828 Florentini,
1260 1776 1472 1835 ipsum
1501 1778 1694 1837 super
1719 1758 2003 1837 quadam
2034 1761 2302 1837 pecunie
2330 1779 2601 1833 summa,

141 1857 348 1925 terrie,
395 1853 916 1931 possessionibuS,
959 1854 1150 1915 rebus
1191 1855 1334 1915 aliis
1380 1873 1596 1916 coram
1650 1854 1927 1918 Viviano
1976 1854 2185 1935 priore
2240 1876 2285 1919 s,
2332 1858 2604 1919 Bartho-

141 1954 336 2013 lomei
380 1952 460 2012 de
499 1951 772 2030 Fighino
812 1951 1022 2012 Fesul.
1065 1953 1227 2012 dioc.
1273 1954 1662 2013 auctoritate
1704 1972 1804 2032 ap.
1851 1956 2212 2014 comuniter
2256 1956 2605 2016 traxissent

141 2054 210 2111 in
254 2070 518 2111 causam
543 2050 614 2125 ³),
670 2069 750 2110 ex
791 2058 978 2127 parte
1037 2068 1135 2129 ep.
1183 2049 1308 2111 fuit
1363 2069 1580 2111 coram
1636 2070 1711 2111 eo
1758 2052 2136 2129 excipiendo
2181 2055 2601 2131 propositum,

141 2149 339 2225 quod,
385 2167 536 2208 cum
573 2150 747 2225 prior
787 2152 956 2208 esset
997 2148 1235 2209 maiore
1281 2149 1946 2211 excommunicatione
2000 2150 2371 2223 innodatus,
2413 2155 2607 2228 prout

141 2265 241 2323 ep.
287 2251 432 2305 erat
473 2244 540 2305 in
582 2245 942 2305 continenti
999 2244 1272 2322 probare
1328 2252 1612 2323 paratuS,
1656 2245 1739 2306 de
1797 2266 1993 2307 causa
2047 2266 2421 2325 cognoscere
2476 2268 2607 2310 non

140 2347 423 2420 poterat,
469 2341 582 2403 sed
609 2348 836 2403 contra
861 2344 1180 2403 iustitiam
1206 2346 1580 2422 episcopum
1610 2344 1830 2404 audire
1859 2343 2237 2424 denegavit:
2265 2351 2606 2423 propterea

141 2462 240 2519 cp.
288 2441 376 2501 ad
417 2441 634 2501 sedem
688 2460 793 2518 ap.
839 2440 1208 2520 appellavit.
1269 2441 1560 2513 Mandat,
1622 2444 1931 2519 quatinus
1984 2443 2229 2501 iustum
2284 2442 2603 2504 decernat.

141 2560 168 2597 (ι
191 2538 596 2619 Significavit
634 2538 824 2601 nobis
841 2558 885 2599 t.
971 2538 1122 2599 Dat.
1168 2538 1414 2599 Perusii
1453 2539 1512 2600 V
1551 2540 1635 2599 id.
1681 2560 1854 2612 nov„
1897 2545 2076 2618 pont.
2121 2538 2282 2601 IIII.

479 2635 632 2697 Volt.
680 2636 916 2698 AVeso.
958 2656 1010 2696 8.
1054 2635 1244 2695 XIII
1287 2634 1408 2696 dec.
1453 2636 1493 2696 9
1531 2656 1597 2697 π.
1629 2637 1706 2697 41
1752 2636 1965 2712 (Bulla
1996 2636 2288 2697 verton-en.
2319 2637 2403 2698 In
2430 2637 2608 2698 dorso

469 2734 688 2795 Tenus
725 2734 806 2795 de
849 2733 1137 2811 Casulis).
1183 2733 1279 2793 ΙΙ).
1323 2753 1387 2793 n.
1433 2733 1514 2794 33
1553 2735 1758 2795 Insert
1801 2736 2014 2810 (unten
2054 2754 2116 2793 η.
2163 2734 2329 2812 919).

143 2938 283 2993 916.
1567 2931 1868 3005 (Florem,
1913 2931 1991 2991 21
2033 2929 2358 2992 Dezember
2397 2932 2604 3009 1284).

264 3030 426 3108 Ligu
467 3029 982 3090 Florentinorum
1027 3047 1174 3088 cum
1231 3016 1628 3090 Rainerio
1669 3048 1767 3105 ep.
1811 3028 1987 3089 Vult.
2086 3030 2227 3089 Act.
2286 3028 2609 3091 Florentie

141 3132 206 3189 in
253 3130 453 3190 domo
493 3126 728 3197 abatie,
770 3124 885 3186 ubi
925 3128 1167 3202 priores
1211 3124 1582 3185 inhabitant
1615 3144 1733 3202 pro
1762 3126 1969 3185 officio
2010 3126 2381 3187 exercendo,
2490 3128 2606 3187 Ar-

143 3228 280 3305 rigo
323 3224 406 3285 de
449 3224 510 3284 la
551 3222 734 3282 Tosa.
782 3222 1142 3283 Baldovino
1185 3222 1499 3282 Rinuccii.
1544 3221 1695 3281 Neri
1738 3222 2149 3301 Ardinghelli.
2194 3222 2474 3285 Consiiio
2508 3226 2605 3285 iu-

143 3325 307 3384 dicis
352 3322 624 3383 Rustici.
671 3320 1000 3381 Bernardo
1042 3319 1258 3380 Rubei
1295 3320 1376 3380 de
1418 3318 1683 3381 Rubeis.
1729 3322 2092 3382 Bonissimo
2133 3321 2429 3393 Melioris,
2470 3322 2606 3382 aliis

143 3428 220 3481 t-t..
299 3418 648 3480 Iacobinus
691 3418 1042 3479 Bonacursi
1075 3424 1209 3477 not.

477 3514 636 3577 Volt.
683 3516 920 3575 AVesc.
969 3514 1136 3591 App.
1189 3514 1216 3573 I
1226 3514 1308 3575 ld.
1355 3535 1414 3574 n.
1465 3516 1500 3575 7
1528 3515 1678 3591 Cop.
1707 3534 1754 3573 3.
1787 3514 1918 3576 XV
1951 3514 2326 3591 (Fraqment‚
2361 3535 2483 3575 nur
2506 3516 2609 3577 die

468 3614 678 3673 letzten
718 3613 758 3673 6
797 3610 1291 3687 Paraqraphen).
1335 3611 1519 3671 Liber
1559 3612 1799 3671 inv-ium
1842 3611 1881 3670 9
1906 3612 2003 3672 cit.
2039 3609 2220 3686 (nach
2246 3612 2383 3671 dem
2422 3612 2603 3672 verlo-

469 3730 653 3771 renen
703 3708 872 3786 Oriq.
915 3708 1022 3771 dec
1065 3708 1346 3785 AVesc.).
1446 3710 1596 3785 Rey.
1629 3708 1987 3769 Davidsohn
2026 3707 2457 3786 Forschunqen
2486 3710 2526 3769 I
2529 3709 2566 3769 I
2573 3710 2609 3769 I

468 3809 549 3869 33
601 3828 664 3867 η.
711 3808 914 3885 123⁸).

149 4005 284 4066 917.
1047 3986 1054 3994 ¹
1619 4000 1897 4071 Florenz,
1942 4000 2023 4061 28
2062 4001 2386 4061 Dezember
2426 4002 2604 4064 1284.

261 4099 858 4169 MCCLXXXHH,
903 4098 1030 4159 ind.
1077 4098 1271 4168 XIII,
1317 4098 1420 4158 die
1463 4098 1764 4158 XXVIII
1795 4100 1943 4159 intr.
1975 4098 2108 4158 dec.
2196 4098 2600 4160 Bartholia

148 4220 290 4259 nus
333 4200 418 4259 de
459 4196 756 4257 Mediis
795 4202 1086 4275 potestas
1125 4196 1309 4265 Flor„
1356 4194 1645 4275 generale
1686 4201 1754 4255 et
1796 4195 2068 4273 speciale
2110 4194 2393 4266 consilia,
2436 4197 2607 4273 capi-

151 4300 406 4358 tudines
447 4295 577 4355 VII
619 4296 936 4355 maiorum
980 4293 1217 4354 artium
1259 4296 1324 4353 in
1369 4293 1658 4354 comunis
1699 4292 1944 4370 palatio
1986 4292 2419 4353 Bonissimum
2454 4292 2605 4354 Mel-

150 4392 316 4452 liosis
373 4393 579 4453 civem
643 4390 808 4451 Flor.
875 4389 1206 4451 absentem
1268 4389 1584 4450 sindicum
1648 4390 1938 4447 comunis
2000 4386 2463 4449 ordinaverunt
2523 4390 2607 4449 ad

150 4488 714 4567 aprehendendum
755 4494 1052 4549 tenutam
1111 4489 1190 4547 de
1245 4488 1470 4547 castris
1525 4492 1594 4546 et
1651 4488 1854 4556 terris,
1900 4486 1980 4544 de
2009 4474 2276 4563 ”quibus
2337 4506 2607 4548 comune

288 4707 332 4769 ¹)
373 4704 534 4753 Siehe
574 4704 702 4755 iiber
737 4705 836 4753 ihn
871 4704 1001 4753 oben
1039 4720 1092 4755 n.
1135 4707 1252 4753 900.
1425 4702 1470 4765 ²)
1507 4702 1666 4751 Siehe
1705 4718 1756 4749 n.
1801 4704 1919 4751 690.
2104 4702 2149 4767 ³)
2188 4704 2320 4751 Dor-t
2358 4704 2450 4751 der
2488 4703 2608 4752 voll-

153 4796 408 4857 stc‘z'mliqe,
447 4794 612 4841 leider
646 4794 780 4841 noch
815 4793 1170 4855 unqedruckte
1217 4794 1435 4853 Vertraq
1476 4790 1779 4852 reyistriert.
