3817 5642
1071 586 1173 639 122
1715 585 2158 639 REGESTUM
2196 584 2519 638 VOLATE
2530 583 2883 639 RRANUM

1066 788 1140 841 ut
1183 786 1436 841 constat
1481 800 1592 859 per
1635 786 1852 850 testea,
1897 788 2156 858 recepto
2200 778 2409 841 libello
2450 800 2531 841 ex
2580 786 2765 857 parte
2810 798 2934 857 ep„
2991 778 3103 840 lite
3158 784 3529 839 contestata

1063 880 1231 939 inter
1272 878 1730 939 Vicecomitem
1773 878 2089 939 sindicum
2134 898 2233 955 ep.
2280 884 2347 937 et
2402 878 2787 939 Gratianum
2842 877 3157 937 sindicum
3212 878 3522 943 comuni&

1062 978 1334 1054 prestito
1374 982 1778 1036 sacramento
1821 976 2201 1055 calumpnie‚
2248 976 2489 1035 auditis
2532 973 3041 1036 confessionibus
3080 976 3381 1053 partium,
3428 994 3525 1035 re-

1059 1074 1265 1150 ceptis
1307 1072 1582 1134 testibus
1625 1072 2013 1133 introductis
2055 1092 2093 1133 a
2122 1080 2309 1151 parte
2336 1092 2463 1151 ep„
2494 1074 2647 1133 visis
2674 1072 3020 1152 privilegiis
3050 1072 3423 1151 pontificum
3452 1080 3523 1131 et

1063 1172 1522 1247 imperatorum
1566 1172 1823 1231 ecclesie
1867 1170 2043 1231 Vult.
2090 1170 2376 1236 indultis,
2422 1171 2543 1231 sub
2572 1190 2738 1249 pena
2782 1170 2847 1229 Μ
2878 1188 3069 1229 marc.
3101 1188 3234 1249 arg.
3266 1169 3445 1230 nobis
3482 1190 3525 1229 a

1061 1268 1356 1347 partibus
1398 1276 1462 1328 et
1509 1268 1572 1327 Μ
1619 1288 1810 1329 marc.
1855 1268 2151 1345 part-ibus
2194 1268 2315 1328 sibi
2358 1268 2442 1329 ad
2484 1268 2757 1328 invicem
2800 1268 3111 1345 promissa
3140 1268 3525 1327 Gratianum

1062 1366 1438 1427 Vicecomiti
1479 1374 1546 1426 et
1590 1366 1851 1443 Pagano
1879 1366 1963 1425 ad
1998 1368 2469 1427 restitutionem
2502 1365 2757 1435 Roveti‚
2789 1364 3081 1436 Canneti,
3116 1364 3373 1435 Caselle,
3406 1364 3525 1423 Mi-

1059 1465 1250 1535 ciani,
1295 1463 1566 1536 Libiani‚
1614 1463 1900 1537 Buriani‚
1962 1462 2193 1535 Pietre,
2242 1462 2657 1541 Villemagne,
2702 1462 2897 1541 Nigre
2952 1462 3523 1541 condempnamus.

1064 1560 1483 1622 Prohibemus
1524 1562 1929 1633 Gratianum,
1974 1580 2055 1620 ne
2097 1580 2288 1638 super
2328 1559 2765 1619 iurisdictione
2804 1566 3161 1620 castrorum
3190 1558 3523 1618 Montisvi-

1061 1658 1233 1729 ridis,
1279 1658 1483 1731 Sasse,
1527 1658 1814 1731 Querciti
1859 1658 2317 1719 vicecomitem
2361 1658 2461 1717 vel
2507 1657 2841 1735 Paganum
2886 1657 3221 1737 inquietet.
3254 1656 3530 1734 Insuper

1061 1754 1400 1815 arbitrium
1457 1754 1662 1817 latum
1719 1758 1888 1817 inter
1948 1756 2391 1817 Ildibrandum
2448 1754 2509 1815 b.
2556 1774 2639 1815 m.
2688 1754 2862 1816 Vult.
2908 1774 3006 1831 ep.
3051 1760 3119 1815 et
3173 1774 3441 1815 comune
3484 1774 3527 1815 a

1060 1853 1390 1913 Tancredo
1433 1860 1498 1913 et
1541 1853 2131 1924 coarbitratoribus‚
2176 1859 2497 1932 quatenus
2539 1853 2769 1914 datum
2810 1852 2937 1913 fuit
2976 1872 3165 1929 super
3204 1852 3382 1912 facto
3410 1852 3525 1911 Ri-

1059 1951 1480 2026 pemarancie‚
1525 1970 1884 2021 cassamus3
1930 1969 2199 2009 comune
2228 1948 2525 2009 absolvat
2554 1968 2792 2017 omneS,
2818 1950 2928 2027 qui
2960 1948 3078 2009 hac
3106 1948 3435 2008 occasione
3462 1950 3527 2009 ei

1059 2054 1214 2107 sunt
1255 2047 1540 2125 obligati.
1627 2046 1862 2107 Latum
1906 2048 1973 2107 in
2002 2049 2269 2107 civitate
2298 2047 2569 2107 Aretina
2592 2047 2657 2107 in
2702 2046 2943 2125 palatio
2982 2066 3082 2123 ep.
3166 2066 3327 2124 pres,
3373 2066 3527 2107 can-

1061 2145 1314 2205 cellario
1346 2145 1691 2206 Benedicto
1721 2150 1762 2221 Ι)
1787 2145 1992 2205 scriba
2024 2166 2123 2223 ep.
2156 2146 2401 2207 Cuntro
2442 2144 2828 2223 archipresb.
2848 2144 3023 2204 Aret.
3056 2144 3459 2224 [Lamberto]
3476 2148 3524 2222 ¹)

1061 2244 1388 2320 preposito
1416 2242 1636 2304 Sancti
1667 2244 2050 2303 Geminiani.
2080 2242 2289 2321 presb.
2324 2243 2601 2302 Ranerio
2630 2242 2881 2303 Ciuffoli
2910 2262 3051 2302 can.
3086 2240 3306 2321 plebis.
3332 2240 3525 2302 Lam-

1059 2338 1246 2400 berto
1288 2360 1428 2399 can.
1473 2340 1677 2419 plebis
1719 2340 1798 2401 de
1839 2342 2091 2401 Cellole.
2143 2342 2403 2419 Rigetto
2444 2340 2523 2400 de
2570 2339 2910 2400 Policiano.
2954 2340 3213 2401 Forensi
3256 2339 3336 2400 de
3372 2340 3525 2401 Val-

1062 2444 1324 2497 cortese.
1371 2438 1726 2517 Uguicione
1769 2440 1978 2517 priore
2006 2440 2085 2497 de
2116 2438 2392 2499 Bozone.
2426 2438 2717 2498 Ventura
2742 2437 2822 2497 de
2846 2438 3019 2498 Vult.
3049 2436 3379 2498 Tancredo
3406 2439 3525 2517 qd.

1062 2534 1484 2595 Riccomanni
1527 2534 1606 2594 de
1650 2537 1824 2597 Vult.
1872 2535 2314 2597 Ildibrandino
2357 2534 2678 2595 Meliandi.
2726 2536 2985 2596 Matheo
3026 2536 3373 2595 camerario
3415 2556 3524 2615 ep.

1059 2632 1238 2692 Aret.
1283 2640 1436 2693 tunc
1480 2633 1754 2713 plebano
1808 2634 1889 2694 de
1944 2634 2257 2711 Spilin(o).
2307 2634 2503 2694 Lotto
2554 2634 2635 2693 de
2676 2633 2855 2694 Valle
2912 2632 3191 2693 Paterni.
3234 2632 3529 2694 Tebaldo

1055 2748 1198 2789 can.
1244 2730 1324 2790 de
1368 2732 1642 2803 Bozone,
1685 2732 1844 2791 aliis.
1930 2730 2281 2805 MCCXVL
2345 2730 2628 2791 Honorio
2684 2750 2873 2811 papa,
2920 2729 3152 2791 XVIII
3194 2730 3319 2791 kal.
3366 2732 3525 2805 ian„

1059 2827 1190 2887 ind.
1238 2828 1398 2888 IIII.
1490 2830 1873 2889 Bonamicus
1918 2836 2051 2889 not.

1382 2928 1640 2987 Florem
1673 2928 1823 2987 Ast.
1861 2928 2019 3001 (San
2050 2928 2429 3005 Gimiqnano
2457 2929 2620 2989 1216
2646 2926 2793 2987 XII
2814 2977 2824 2987 .
2846 2976 2857 2987 .
2882 2976 2894 2988 .
2918 2931 2970 3004 .)
3002 2926 3173 3003 Oriq.

1057 3122 1197 3183 343.
2244 3123 2421 3185 Colle
2470 3122 2591 3183 Val
2631 3122 2874 3195 d’Elm,
2918 3123 2999 3183 24
3038 3122 3293 3181 Januar
3334 3123 3521 3185 1217.

1179 3218 1302 3291 Qui
1347 3222 1629 3281 iuramus
1674 3220 1754 3282 ad
1797 3222 1990 3281 istam
2047 3222 2448 3299 scripturam,
2508 3224 2789 3281 iuramus
2844 3222 3066 3281 iuvare
3119 3239 3236 3280 nos
3290 3226 3523 3283 contra

1057 3338 1310 3379 omnem
1357 3318 1676 3379 hominem
1721 3319 1800 3380 de
1845 3317 2085 3391 litibus,
2132 3338 2293 3397 quas
2336 3338 2482 3378 cum
2542 3319 2758 3396 aliquo
2798 3318 2877 3379 de
2934 3316 3161 3377 Colle
3202 3318 3521 3379 habemus

1057 3416 1156 3477 vel
1202 3414 1601 3487 habebimu3‚
1645 3424 1861 3477 tenere
1904 3416 2293 3476 credentiam
2342 3418 2509 3477 inter
2536 3435 2672 3482 nos,
2704 3415 2904 3474 donec
2936 3414 3161 3476 Scotto
3190 3414 3517 3477 Mattafel-

1057 3514 1236 3579 lonis,
1264 3514 1664 3581 Sostanallie,
1697 3513 2113 3573 Lambertino
2145 3515 2241 3573 vel
2274 3514 2413 3575 illis.
2447 3516 2557 3592 qui
2586 3520 2799 3573 essent
2829 3513 3041 3573 vocati
3072 3520 3519 3591 procuratores

941 3658 950 3669 .
1054 3610 1246 3671 huius
1273 3613 1617 3679 societatis,
1651 3613 1983 3689 placuerit.
2029 3610 2303 3683 Quando
2338 3610 2475 3670 IIII
2506 3614 2771 3671 istorum
2806 3612 3158 3671 iuratorum
3192 3607 3517 3671 voluerint

1055 3707 1090 3768 Ῑ
1133 3706 1236 3767 vel
1276 3706 1348 3768 II
1373 3708 1651 3769 factores
1683 3709 1779 3768 vel
1811 3716 2255 3787 procuratores
2299 3710 2643 3771 societ-atis.
2676 3708 2739 3767 hi
2773 3713 3116 3767 teneantur
3142 3714 3513 3784 acceptare;

1055 3826 1200 3885 pen.
1247 3806 1310 3865 X
1354 3806 1461 3866 lib.
1512 3806 1633 3866 Pis.
1721 3806 1864 3867 Act.
1912 3809 1977 3866 in
2019 3813 2231 3866 castro
2260 3806 2338 3866 de
2366 3806 2557 3867 Colle.
2625 3806 2885 3866 Ristoro
2915 3806 3233 3867 Romenti.
3268 3805 3515 3867 Parisio

1053 3912 1120 3965 et
1163 3904 1501 3964 Dietisalvi
1545 3904 1626 3963 de
1665 3903 2085 3983 Monteguidi.
2134 3902 2547 3964 Aldobrando
2588 3902 2697 3982 qd.
2738 3902 3039 3964 Asseduti
3066 3902 3147 3963 de
3178 3902 3511 3981 Ripamar—

1054 4003 1271 4062 rancia
1313 4008 1395 4061 tt.
1501 4002 1851 4076 MCCXVI,
1897 4002 2099 4063 VIIII
2144 4002 2267 4063 kal.
2298 4001 2447 4075 feb„
2480 4002 2611 4061 ind.
2642 4002 2719 4063 V.
2818 4000 3201 4062 Sostanallia
3228 4008 3290 4062 et
3322 4000 3509 4063 Lam-

1055 4098 1342 4159 bertinus
1384 4100 1760 4159 iuraverunt
1801 4106 2105 4179 precepta
2148 4098 2364 4177 Scopti
2410 4098 2873 4159 Mattafellonis
2916 4105 2980 4158 et
3022 4098 3301 4158 Rainerii
3342 4098 3509 4159 Ilde-

1053 4196 1350 4257 brandini
1392 4198 1669 4257 Carsilie.
1718 4197 2032 4257 Dominus
2076 4198 2340 4275 Pipinus
2398 4198 2635 4257 iuravit
2690 4202 2761 4255 ut
2822 4214 3033 4274 supra.
3134 4194 3511 4275 Pelagottus

1053 4300 1188 4355 not.
1231 4292 1545 4371 publicus,

1372 4390 1547 4452 Colle
1571 4392 1805 4452 AOom.
1832 4392 2351 4454 Instrumentarm
2383 4392 2417 4451 I
2447 4392 2545 4452 28‘
2586 4392 2738 4469 Cop.
2782 4410 2833 4451 s.
2868 4389 3055 4450 XIII
3098 4390 3249 4451 med.
3354 4388 3507 4467 Req.

1375 4488 1590 4548 Lisini
1631 4489 1768 4548 211.

1193 4704 1232 4764 ²)
1272 4702 1379 4752 Die
1422 4701 1682 4753 Urlcunde
1719 4705 2113 4767 interpunyiert
2148 4706 2508 4755 Cancellario.
2556 4702 2881 4752 Benedicto.
3014 4702 3055 4763 2)
3094 4702 3282 4751 Lector
3322 4700 3503 4753 Reum

1045 4792 1144 4855 fiir
1179 4792 1283 4841 den
1319 4792 1552 4842 Nomen.
