3817 5642
965 557 1416 615 REGESTUM
1453 558 2147 615 VOLATERRANUM
2676 564 2787 617 315

321 772 442 829 pro
481 772 549 813 se
591 758 660 812 et
697 752 1055 831 Margarita
1093 752 1388 815 fecerunt
1430 753 1645 815 osculo
1686 774 1932 833 pacem.
1976 754 2495 815 Ratificaverunt
2536 761 2785 817 contra-

321 854 506 911 ctum
545 848 798 911 factum
839 851 1008 913 inter
1049 850 1110 911 b.
1140 870 1225 911 m.
1255 850 1828 928 Ildibr(andinum)
1872 851 2175 912 comitem
2214 852 2291 911 de
2321 851 2561 913 Sancta
2602 852 2789 913 Flora

319 952 390 1007 et
431 946 1008 1025 Ildibr(andinum)
1055 950 1358 1009 comitem
1415 948 1498 1009 de
1551 947 1768 1009 Suana
1821 967 2017 1031 super
2071 950 2384 1011 divisione
2439 952 2789 1011 comitatus

319 1043 784 1107 Ildibrandiski
827 1047 1140 1123 scriptum
1184 1066 1223 1107 a
1265 1044 1525 1107 Pilistro
1565 1053 1636 1107 et
1674 1046 1867 1107 Petro
1909 1047 1992 1107 de
2031 1047 2316 1109 Proceno
2360 1054 2491 1109 not.
2521 1056 2589 1109 et
2637 1070 2787 1109 con-

321 1148 578 1204 tractus
614 1144 1162 1222 permutationem
1205 1146 1600 1223 posteriores,
1645 1144 2090 1208 Promiserunt
2142 1148 2311 1207 inter
2350 1166 2417 1206 se
2460 1146 2789 1225 privilegia

319 1260 438 1301 seu
477 1242 912 1302 instrumenta
953 1240 1259 1303 facientia
1303 1242 1384 1304 ad
1427 1244 1812 1305 comitatum
1840 1245 1906 1303 in
1934 1243 2269 1321 publicum
2308 1243 2577 1305 exibere.
2622 1243 2787 1305 Iide-

321 1338 682 1399 brandinus
721 1338 786 1399 N
790 1340 1036 1401 ovellus
1065 1346 1136 1400 et
1162 1340 1392 1401 fratres
1423 1348 1749 1401 cesserunt
1777 1340 2059 1402 Guidoni
2086 1341 2171 1401 de
2196 1340 2573 1403 Monteforti
2602 1361 2793 1402 omne

319 1438 424 1497 ius
465 1438 538 1497 in
575 1441 788 1497 castro
827 1436 1268 1508 Montemassi,
1297 1438 1366 1497 in
1395 1437 1836 1499 castellaribus
1863 1438 2055 1499 dictis
2096 1438 2447 1499 Calvellum
2490 1443 2559 1499 et
2602 1438 2784 1500 Gros-

319 1535 568 1607 sotello,
611 1536 680 1595 in
720 1534 1070 1615 Baggiano‚
1113 1534 1486 1607 Civilesch0‚
1529 1535 1726 1596 Volta
1764 1535 2171 1614 Maglianese,
2219 1536 2285 1596 in
2324 1538 2551 1598 castris
2592 1536 2786 1597 Radi-

321 1630 582 1694 condoli
621 1637 688 1692 et
727 1631 1132 1711 Monteguidi
1174 1632 1401 1709 positis
1457 1635 1524 1693 in
1577 1634 1956 1711 episcopatu
1997 1632 2197 1705 Vult„
2253 1634 2319 1693 in
2376 1633 2539 1693 med.
2588 1631 2789 1694 saline

325 1731 428 1791 vel
469 1732 651 1809 putei
695 1748 859 1809 aque
901 1730 1067 1792 salse
1109 1730 1178 1791 in
1216 1730 1518 1791 districtu
1557 1730 2073 1809 Montisgiemoli.
2132 1732 2187 1791 Ε
2232 1750 2539 1793 converso
2580 1730 2791 1792 Guido

319 1828 405 1887 dc
447 1825 828 1888 Monteforti
869 1828 1060 1888 cessit
1099 1829 1190 1888 eis
1233 1828 1334 1887 ius
1376 1827 1446 1887 in
1486 1830 1714 1888 castris
1769 1829 1848 1889 de
1904 1828 2211 1899 Belfortc‚
2254 1827 2497 1901 Siliani,
2540 1828 2787 1889 Monte-

322 1924 560 1999 gemoli
599 1925 830 2002 positis
868 1925 938 1985 in
980 1926 1355 2003 episcopatu
1397 1923 1594 1995 Vult.,
1641 1926 1710 1983 in
1753 1924 2241 2003 argentifodinis
2282 1924 2555 1997 Silvene‚
2588 1926 2655 1984 in
2686 1924 2790 1984 he-

323 2040 504 2081 remo
545 2042 592 2082 s.
637 2022 903 2089 Trinite.
949 2023 1016 2083 in
1059 2020 1299 2083 Sancto
1328 2020 1590 2081 Donato
1617 2027 1684 2081 et
1711 2024 1848 2082 eius
1875 2022 2059 2095 silva,
2090 2022 2155 2081 in
2182 2022 2488 2100 hospitali
2516 2023 2597 2083 de
2621 2022 2790 2082 Losa

323 2124 394 2179 et
435 2118 593 2180 fec-it
633 2120 826 2180 finem
870 2120 952 2180 de
995 2119 1190 2191 omni,
1238 2119 1412 2198 quod
1454 2124 1670 2197 petere
1713 2126 1931 2197 posset
1971 2119 2051 2180 de
2078 2125 2265 2197 parte
2300 2118 2569 2180 dimidia
2598 2120 2793 2180 castri

324 2217 686 2277 Rocchette
727 2218 834 2295 qd.
879 2216 1130 2289 Soarzi;
1173 2236 1318 2295 pen.
1362 2217 1582 2277 decem
1627 2217 1802 2277 milia
1845 2236 2035 2277 marc.
2082 2236 2210 2295 arg.
2264 2216 2330 2277 Si
2370 2236 2501 2295 pax
2542 2216 2788 2293 frange-

325 2320 523 2387 retur,
569 2315 733 2375 med.
779 2315 1064 2375 civitatis
1108 2314 1392 2375 Grosseti
1419 2314 1778 2393 applicetur
1803 2316 1976 2392 parti
2008 2314 2131 2375 lese
2149 2334 2164 2387 ;
2195 2312 2253 2375 si
2276 2334 2395 2393 pro
2421 2319 2607 2393 parte
2639 2312 2788 2374 Gui-

325 2412 515 2473 donis
557 2412 636 2471 de
677 2412 1054 2473 Monteforti
1095 2430 1226 2488 pax
1265 2410 1685 2489 frangeretur,
1727 2432 1860 2473 non
1899 2412 2108 2472 solum
2150 2412 2315 2473 med.
2346 2410 2647 2483 Grosseti,
2676 2410 2790 2471 sed

323 2510 528 2571 etiam
569 2512 686 2582 ine,
730 2509 906 2588 quod
947 2508 1191 2570 habent
1231 2509 1300 2569 in
1340 2516 1552 2569 castro
1585 2508 1970 2589 Caleggiani,
2004 2510 2407 2587 applicentur
2447 2508 2791 2570 comitibus

324 2608 410 2668 de
451 2605 690 2669 Sancta
731 2606 937 2667 Flora.
982 2605 1377 2666 Pertinentie
1419 2608 1756 2683 utriusque
1798 2607 2001 2684 partis
2042 2606 2449 2669 declarentur
2474 2624 2588 2685 per
2616 2604 2789 2665 Guil-

325 2704 614 2765 lielmum
656 2705 928 2764 militem
963 2705 1274 2763 comitum
1303 2704 1383 2764 de
1413 2702 1650 2764 Sancta
1689 2702 1879 2763 Flora
1911 2710 1979 2765 et
2006 2704 2490 2765 Caeciacontem
2518 2703 2790 2763 militem

327 2804 614 2881 ipsorum
657 2806 724 2861 et
763 2798 1106 2877 Margarita
1135 2803 1204 2859 et
1231 2798 1601 2860 Ranaldum
1628 2797 1709 2858 de
1740 2798 2025 2860 Bustolis
2053 2802 2260 2861 civem
2288 2801 2486 2871 Aret„
2518 2818 2791 2877 quorum

326 2899 700 2959 diffinitioni
738 2904 955 2976 partes
995 2895 1302 2969 stabunt;
1345 2896 1466 2957 sub
1508 2916 1678 2975 pena
1717 2896 1816 2957 CC
1857 2916 2049 2957 marc.
2087 2916 2220 2977 arg.
2304 2898 2539 2961 'sortus
2569 2897 2647 2959 de
2674 2898 2788 2960 Oa-

325 2992 770 3075 stiglioncello‚
811 2994 959 3073 Ugo
1003 2994 1084 3055 de
1125 2994 1542 3073 Sco[rci]an0,
1587 2994 1846 3072 Zanpus
1883 2995 1967 3055 de
2010 2994 2315 3074 Sar-ponc,
2358 2996 2669 3072 Ugolinus
2710 2995 2792 3055 de

329 3094 550 3156 Pietra
593 3092 864 3153 barones
905 3092 1220 3171 precibus.
1242 3093 1551 3152 comitum
1595 3090 1830 3152 Sancte
1858 3091 2061 3163 Flore,
2093 3092 2432 3153 Soarzinus
2461 3091 2541 3152 de
2571 3092 2791 3155 Monte

330 3192 595 3270 Agutia,
637 3188 987 3251 Catellinus
1029 3189 1110 3249 de
1149 3188 1536 3257 Ansedonia‚
1582 3187 1795 3249 Guido
1835 3189 1918 3249 de
1962 3190 2150 3261 Ravi,
2194 3188 2415 3251 Simon
2471 3190 2551 3249 de
2605 3190 2791 3251 Tacti

329 3287 626 3368 precibus
670 3287 982 3349 Guidonis
1025 3293 1092 3347 et
1133 3286 1478 3365 Margarite
1519 3285 1935 3347 fideiussores
2020 3288 2163 3347 Act.
2208 3290 2275 3348 in
2304 3288 2663 3349 confinibus
2690 3308 2790 3347 ca-

329 3387 448 3449 stri
489 3384 568 3445 de
612 3385 854 3447 Sancta
893 3385 1086 3446 Flora
1126 3390 1196 3445 et
1233 3387 1428 3445 castri
1467 3383 1654 3445 Plani
1695 3386 2143 3452 Castangnarii
2184 3388 2353 3446 inter
2380 3387 2518 3465 ipsa
2545 3388 2615 3446 in
2655 3386 2793 3446 loco

327 3484 554 3563 Canpo
595 3482 844 3544 Ulciolo
873 3486 938 3559 ¹).
1063 3482 1350 3543 Moricho
1392 3502 1487 3560 ep.
1533 3482 1876 3544 Suanense.
1924 3482 2381 3543 Ildebrandino
2428 3485 2663 3544 comite
2712 3484 2793 3543 de

329 3582 670 3660 Romania.
716 3580 1178 3641 Ildebrandino
1220 3581 1545 3659 preposito
1589 3580 1998 3641 Grossetano.
2052 3580 2339 3640 Ranutio
2389 3580 2664 3658 Peponis
2714 3581 2792 3641 de

329 3680 626 3740 Farnese.
670 3679 864 3739 Nerio
907 3678 988 3738 de
1031 3678 1252 3739 Monte
1287 3678 1564 3737 Memno,
1596 3677 1813 3739 Bindo
1846 3678 2208 3739 Basckiera.
2242 3677 2525 3739 Gerardo
2552 3676 2792 3737 Torna-

329 3778 551 3856 quinci
591 3777 674 3837 de
714 3776 880 3836 Flor.
925 3775 1176 3835 Matteo
1217 3774 1444 3834 iudice.
1489 3774 1817 3853 Raynerio
1861 3775 2166 3836 Monaldi.
2212 3774 2541 3837 Sinibaldo
2570 3784 2634 3836 et
2664 3776 2790 3837 Ra-

329 3874 560 3935 nuccio
599 3873 680 3935 de
720 3872 1102 3934 Bacchariis.
1148 3870 1438 3933 Iohanne
1477 3872 1558 3932 de
1599 3872 1664 3932 la
1712 3872 1917 3933 Greca
1956 3873 2037 3933 de
2080 3871 2482 3933 Urbeveteri.
2533 3872 2794 3934 Minone

327 3973 413 4033 dc
455 3970 795 4033 Talomeis.
840 3970 1252 4030 Bartolomeo
1294 3969 1374 4028 de
1416 3968 1660 4031 Stiallis
1702 3972 1782 4030 de
1820 3970 2019 4032 Senis.
2048 3970 2328 4031 Follutio
2356 3971 2435 4031 de
2464 3970 2789 4031 CabalbiO.

327 4069 514 4132 Tollo
573 4071 657 4131 de
717 4069 1193 4148 Monteorgiale.
1253 4068 1578 4130 Ghinozzo
1633 4069 1716 4128 de
1769 4066 2127 4129 Sassoforte
2184 4072 2257 4128 tt.
2386 4068 2795 4130 Castraleone

331 4172 606 4227 vocatus
644 4166 873 4228 Castra
913 4168 1072 4226 civis
1114 4166 1288 4225 Aret.
1337 4168 1467 4224 not.
1512 4170 1582 4225 et
1623 4170 1778 4225 tunc
1821 4163 2031 4225 scriba
2079 4166 2391 4226 comitum
2434 4165 2513 4225 de
2556 4164 2797 4227 Sancta

329 4264 541 4325 Flora.

655 4358 916 4420 Florem
957 4358 1108 4419 Ast.
1155 4358 1345 4435 (Volt.
1389 4378 1453 4418 n.
1498 4358 1680 4433 1205)
1714 4356 1866 4434 Cop.
1913 4376 2027 4417 von
2072 4358 2233 4418 1305
2277 4359 2414 4435 (auf
2454 4357 2795 4420 demselben

653 4458 1026 4533 Poeqament
1067 4459 1181 4519 wie
1219 4478 1284 4517 n.
1329 4457 1450 4517 930
1493 4456 1621 4517 und
1663 4456 1829 4533 972).

481 4762 524 4829 ι)
561 4764 673 4813 Der
710 4764 804 4813 Ort
843 4764 912 4811 iet
951 4764 1097 4813 nicht
1135 4764 1282 4811 mehr
1316 4763 1684 4822 seatzzwtellen.
