3817 5642
864 612 1310 669 REGESTUM
1349 610 2039 668 voLATERRAN-UM
2574 616 2677 671 :3³¹1

2086 709 2508 717 ————--——
2545 701 2682 719 -—-'·-

201 812 272 870 ei
313 811 666 871 termium
707 809 1062 887 assignavit
1101 808 1188 869 a‘I
1226 808 1395 870 VIII
1437 808 1574 871 dies
1625 808 1712 869 ad
1767 808 2205 889 recipiendum
2246 808 2571 888 apostolos
2608 818 2681 873 et

205 914 384 969 acta.
473 908 678 969 Diuus
720 904 1032 968 Gualterii
1073 907 1158 965 de
1196 905 1372 968 Vult.
1413 907 1567 986 imp.
1613 914 1787 969 auct.
1831 908 2026 968 iudex
2066 907 2203 968 ord.
2245 916 2312 968 et
2358 913 2489 969 not.

543 1005 802 1066 Florem,
844 1003 994 1065 Ast.
1037 1004 1227 1079 (Vou.
1269 1024 1332 1065 π.
1378 1004 1564 1081 1450)
1605 1002 1779 1083 Oriq.

207 1204 354 1262 989.
1419 1186 1428 1201 ’
1604 1200 1973 1278 Bet-ionem,
2016 1200 2099 1261 30
2136 1202 2352 1262 Dazan-2
2364 1200 2461 1261 ber
2500 1200 2677 1262 1299.

339 1300 760 1378 Rayneriu
776 1318 810 1359 s
851 1318 952 1378 ep.
982 1298 1160 1385 Vult.
1189 1297 1454 1378 prelatis
1479 1303 1550 1359 et
1575 1297 1716 1359 aliis
1741 1296 2155 1359 ecclesiarum
2186 1298 2543 1359 rectoribus
2568 1318 2682 1379 per

206 1396 381 1457 dioc.
465 1395 626 1457 Cum
669 1396 854 1457 citari
897 1394 1233 1457 fecerimus
1272 1394 1694 1457 Vecchettam
1723 1394 1805 1457 de
1828 1394 2221 1473 Acoharigiis
2248 1394 2332 1456 de
2359 1395 2540 1457 Senis
2568 1414 2677 1475 po-

211 1500 527 1556 testatem
569 1494 741 1555 Vult.
785 1500 852 1555 et
891 1489 1137 1554 Ninum
1179 1494 1452 1554 iudicem
1495 1498 1903 1554 executorem
1942 1493 2135 1553 officii
2176 1496 2537 1572 potestatis,
2569 1513 2678 1555 no-

211 1593 420 1653 tarios
461 1599 529 1653 et
565 1592 914 1654 familiares
957 1593 1092 1653 eius
1132 1610 1250 1672 pro
1297 1591 1550 1653 notoria
1605 1592 1840 1652 iniuria
1891 1591 2077 1653 nobis
2132 1590 2313 1653 illata
2367 1591 2678 1671 capiendo

213 1690 535 1751 violenter
565 1686 864 1751 'nostrum
906 1692 1192 1752 iuratum
1237 1689 1535 1751 nuntium
1578 1689 1663 1750 ad
1703 1694 2099 1768 potestatem
2139 1707 2287 1749 cum
2314 1691 2551 1751 nostris
2578 1690 2679 1751 lit-

209 1790 374 1850 teris
411 1790 787 1851 monitionis
825 1794 1088 1851 euntem
1129 1794 1200 1851 et
1241 1790 1308 1850 in
1348 1790 1607 1869 cippum
1637 1791 1681 1864 ¹)
1719 1788 1896 1849 mitti
1920 1788 2219 1859 faciendo
2247 1808 2323 1849 ac
2348 1807 2479 1849 non
2508 1806 2677 1851 com-

215 1888 570 1967 paruerint,
615 1908 732 1949 nos
773 1890 838 1948 in
881 1894 1294 1967 potestatem,
1338 1888 1636 1960 iudicem,
1680 1906 1782 1949 ser
1821 1887 1884 1947 N
1885 1906 2069 1948 osum
2098 1894 2168 1948 et
2194 1906 2295 1947 ser
2320 1886 2677 1949 Colleczum

213 1988 506 2047 notarios
559 1988 920 2065 pot-estatis,
979 1986 1440 2058 Gucciolinum‚
1499 1986 1818 2070 Rigalum,
1877 1988 2145 2058 Minum,
2204 1988 2675 2057 Montaninum‚

213 2084 660 2146 Venturellam
705 2084 963 2155 numni,
1007 2084 1442 2146 Venturellam
1485 2084 1708 2146 Nuccii
1747 2084 2097 2145 familiares
2136 2086 2273 2145 eius
2313 2104 2676 2146 excommu-

213 2182 612 2243 nicationem
655 2183 1217 2263 promulgavimus.
1261 2182 1550 2260 Cumque
1591 2180 1993 2243 Iohanninus
2033 2182 2142 2261 qd.
2172 2182 2539 2245 Benvenuti
2565 2186 2675 2262 qui

215 2288 512 2361 moratur
551 2282 755 2356 Vult„
799 2288 1175 2360 procurator
1215 2282 1516 2360 ipsorum,
1557 2279 1786 2341 frivole
1827 2280 2169 2360 appellarit
2208 2286 2276 2341 et
2317 2298 2433 2341 nos
2466 2282 2524 2341 ei
2550 2287 2677 2342 ter·

215 2380 468 2439 minum
511 2380 928 2441 statuerimus
969 2380 1052 2439 ad
1093 2378 1486 2457 recipiendos
1513 2384 1768 2439 nostros
1795 2378 2138 2457 apostolos,
2168 2380 2431 2439 veniens
2458 2380 2526 2438 in
2552 2386 2677 2439 ter-

215 2478 394 2538 mino
411 2488 416 2493 ’
435 2476 875 2539 inlicentiatus
915 2463 1174 2537 recessit
1214 2496 1341 2538 non
1383 2476 1746 2556 recipiendo
1787 2476 2135 2555 apostolos,
2178 2494 2325 2537 cum
2366 2478 2541 2555 ipsos
2566 2496 2677 2555 pa-

213 2582 396 2637 ratos
458 2573 873 2648 haberemus3
946 2594 1026 2636 ex
1083 2594 1213 2653 quo
1259 2594 1408 2635 eum
1461 2579 1909 2635 contumacem
1956 2576 2675 2636 excommunicavimus.

213 2672 624 2740 Mandamus‚
671 2674 978 2753 quatinus
1016 2673 1121 2734 die
1161 2673 1725 2751 representationis
1767 2674 2162 2751 presentium
2202 2672 2307 2732 vel
2340 2671 2556 2732 saltim
2584 2691 2675 2733 se-

213 2770 443 2848 quenti
499 2775 572 2830 et
623 2770 1040 2848 postmodum
1097 2770 1364 2851 singulis
1415 2769 1645 2831 diebus
1697 2772 1868 2848 ipsos
1924 2772 2515 2831 excommunicatos
2570 2770 2676 2831 de-

211 2868 548 2929 nuntietis.
593 2868 745 2929 Dat.
791 2868 1150 2949 Berignone
1192 2868 1549 2946 penultimo
1591 2868 1746 2939 dec,
1796 2867 1972 2927 XIII
2014 2868 2142 2929 ind.

543 2963 802 3025 Florem
855 2966 1006 3026 Ast.
1067 2965 1256 3039 (Vols.
1301 2964 1463 3026 1299
1518 2965 1558 3024 I
1597 2966 1654 3037 1,
1709 2985 1770 3024 n.
1830 2965 2016 3038 1433)
2074 2964 2491 3043 Transsumpt
2544 2986 2678 3027 vom

540 3065 581 3123 1
620 3064 877 3124 Januar
918 3064 1083 3124 1300
1124 3063 1387 3142 (Littere
1427 3064 1701 3143 sigillato
1728 3064 1935 3143 sigillo
1962 3082 2103 3125 cere
2130 3063 2353 3123 viridis
2381 3063 2674 3143 oblongo,

540 3160 607 3220 in
649 3162 830 3222 cuius
870 3161 1382 3222 circumfetentia
1425 3163 1504 3239 ‘·†
1531 3162 1590 3223 S.
1625 3160 1935 3241 Raynerii
1962 3162 2245 3241 episcopi
2264 3160 2675 3234 Vulterrani’,

541 3260 700 3320 etin
727 3258 938 3321 medio
966 3259 1243 3337 quedam
1272 3278 1508 3339 ymago
1537 3265 1717 3320 stans
1745 3266 1938 3328 recta,
1970 3258 2421 3337 pontificaliter
2448 3259 2681 3321 induta

543 3353 628 3415 ad
668 3356 935 3417 modum
971 3354 1270 3435 episcopi,
1301 3358 1366 3417 in
1394 3357 1653 3417 sinistra
1682 3363 1906 3417 tenens
1938 3356 2238 3418 baculum
2271 3358 2677 3435 pastoralem,

541 3474 688 3515 cum
730 3453 962 3514 dextra
988 3454 1237 3532 signare
1267 3453 1627 3525 videbatur,
1659 3458 1826 3515 circa
1855 3454 2050 3533 pedes
2078 3475 2157 3515 ex
2190 3461 2465 3533 utraque
2492 3462 2678 3533 parte

540 3559 726 3613 erant
765 3552 898 3613 duo
940 3551 1316 3627 arbuscole).

213 3748 795 3807 990..
1605 3748 1970 3825 Βενίςηοηε,
2014 3749 2097 3810 30
2137 3748 2459 3810 Dezember
2500 3749 2675 3811 1299.

345 3844 810 3923 Raynerius
853 3846 1029 3906 Vult.
1073 3866 1171 3925 ep
1216 3846 1596 3909 Vecchiecte
1638 3846 1718 3907 de
1747 3847 2129 3907 Accharisiis
2169 3846 2251 3907 de
2278 3846 2460 3909 Senis
2496 3854 2678 3925 pote-

213 3944 378 4004 stati
418 3942 620 4014 Vult.³
661 3942 830 4005 Nino
874 3942 1085 4015 iudici,
1133 3946 1401 4005 notariis
1434 3950 1496 4004 et
1527 3943 1950 4004 familiaribus
1980 3944 2273 4022 spiritum
2306 3944 2549 4005 consilii
2578 3964 2677 4005 sa-

211 4040 430 4101 nioris.
519 4038 916 4100 Iohanninus
947 4040 1052 4118 qd.
1086 4040 1450 4101 Benvenuti
1479 4046 1854 4117 procurator
1884 4046 2113 4106 vester.
2146 4044 2247 4101 cui
2277 4049 2521 4100 certum
2553 4048 2677 4102 ter-

214 4140 468 4199 minum
512 4138 862 4199 statuimus
887 4138 972 4198 ad
1000 4138 1434 4217 recipiendum
1464 4157 1680 4199 coram
1707 4137 1892 4199 nobis
1922 4138 2266 4215 apostolos,
2300 4159 2457 4215 quos
2488 4140 2677 4216 petiit

215 4238 284 4296 in
313 4236 766 4315 appellatione,
788 4236 936 4297 licet
963 4239 1205 4298 venerit
1235 4236 1689 4316 Berignonum‚
1713 4242 1933 4296 tamen
1964 4237 2399 4297 inlicentiatus
2420 4240 2679 4299 recessit

215 4336 356 4393 sine
398 4334 723 4413 apostolis,
771 4354 914 4393 cum
959 4354 1075 4394 nos
1104 4337 1272 4413 ipsos
1301 4336 1680 4395 haberemus
1710 4341 1986 4413 parato&
2018 4340 2093 4395 ut
2121 4335 2417 4396 daremus
2445 4337 2534 4407 ei;
2566 4334 2677 4395 sed

215 4452 365 4494 ecce
407 4432 592 4493 vobis
634 4433 958 4523 apostolos
1000 4433 1325 4494 mictimus
1367 4440 1588 4495 nostro
1629 4432 1834 4513 sigillo
1877 4432 2231 4505 roboratos,
2264 4436 2674 4511 requirenteS,

365 4658 410 4721 ¹)
447 4658 575 4707 Ital.
601 4674 769 4719 coppo
799 4668 808 4683 ·
833 4658 996 4707 Block
1019 4658 1050 4707 '.
1081 4659 1373 4709 Porcellini
1397 4659 1496 4707 sub
1521 4659 1671 4707 verbo
1701 4660 1903 4722 cippus
1934 4662 1991 4708 7:
2023 4668 2036 4687 ⁴
2058 4661 2127 4708 In
2151 4660 2359 4710 Glossis
2388 4660 2675 4709 veteribus

213 4746 524 4811 exponitur
559 4746 734 4795 etiam
775 4747 1025 4810 ligneum
1066 4748 1354 4797 vinculum
1393 4748 1467 4797 ad
1505 4749 1685 4796 instar
1723 4748 1921 4797 ancilis
1960 4748 2175 4797 factum
2218 4765 2329 4811 quo
2381 4749 2673 4798 damnato-

215 4850 344 4884 rum
383 4835 554 4899 pedes
593 4836 990 4887 vinciebantur
1028 4843 1131 4886 aut
1169 4854 1456 4885 servorum
1478 4838 1508 4885 '.

436 5012 506 5061 22
