3817 5642
936 541 1380 597 REGESTUM
1417 539 2105 622 VOLATERRANUM
2680 537 2752 590 25

285 740 515 802 'bertus
543 741 740 807 iudex
768 742 900 818 inp.
931 759 1013 800 ss.
1045 737 1108 798 S.
1140 757 1224 798 m.
1263 738 1554 798 Tetberti
1575 757 1638 816 q.
1668 737 1900 796 Teutio
1930 755 2068 796 voc.
2099 734 2144 796 f.
2178 734 2241 794 b.
2266 754 2351 794 m.
2376 734 2752 796 Fuloheroni

282 839 372 896 tt.
415 834 744 895 Uuillelmi
784 832 832 893 f.
877 833 940 894 b.
985 852 1071 892 m.
1116 831 1272 891 item
1315 830 1639 891 Uuillelmi
1680 836 1760 889 tt..
1806 829 2042 890 Alboin
2086 835 2164 888 tt.
2208 847 2291 888 se.
2389 827 2753 889 Ghersrdus

286 938 424 992 net.
469 951 778 1091 lup‘Vola
827 1026 1047 1105 AC'ap.
1093 1047 1156 1086 n.
1202 1026 1243 1087 6
1284 1025 1456 1102 Θήρ.

255 1221 390 1282 ·”70.
1857 1216 2156 1288 Volterra,
2201 1216 2283 1276 15
2324 1216 2573 1293 Auqmt
2611 1216 2749 1278 986.

411 1319 962 1397 Nongnentesimo
1003 1319 1436 1396 octuagesimo
1477 1321 1680 1388 sexte,
1729 1313 1961 1376 XVIII
1989 1313 2116 1374 kal.
2146 1319 2333 1392 sept„
2358 1314 2490 1373 ind.
2522 1313 2749 1376 XIIII.

291 1416 678 1475 Anselmo
733 1414 1076 1475 archidiae.
1119 1419 1187 1474 et
1249 1415 1610 1492 prepositus
1670 1432 1718 1473 s.
1780 1411 2133 1472 Obtabiani
2190 1413 2361 1471 iusta
2415 1411 2645 1472 domus
2700 1431 2750 1471 S.

289 1514 492 1574 Maris
533 1513 748 1573 Volot.
781 1531 892 1591 per
933 1531 1312 1573 eonsensum
1357 1511 1764 1572 sacerdotum
1805 1529 1948 1570 can.
1991 1509 2269 1570 fratum¹
2282 1513 2613 1586 >meorum
2640 1529 2753 1571 seu

291 1611 486 1671 levite
529 1617 596 1671 et
636 1611 877 1670 eiratiei
912 1609 1022 1669 lib.
1053 1628 1226 1670 nom.
1268 1608 1355 1668 do
1395 1615 1593 1687 atque
1635 1609 1818 1668 firmo
1847 1607 1978 1667 Leo
2004 1614 2070 1667 et
2098 1607 2329 1668 Petrus
2369 1627 2471 1688 gg.
2514 1607 2561 1668 f.
2605 1607 2752 1668 Ursi

291 1728 407 1786 per
445 1726 826 1768 eonsensum
869 1707 1072 1785 patris
1116 1706 1284 1767 med.
1327 1713 1395 1767 et
1443 1707 1694 1786 integra
1739 1705 1822 1765 de
1870 1725 2019 1766 oasa
2066 1724 2179 1766 seu
2228 1712 2397 1766 sorte
2452 1725 2640 1767 mass.
2686 1707 2754 1766 in

294 1805 636 1884 UlignanO.
699 1823 824 1882 que
879 1825 929 1864 r.
973 1803 1102 1866 fuit
1157 1823 1270 1883 per
1323 1802 1689 1863 Romanulo
1731 1823 1947 1884 mess„
1990 1809 2067 1862 ut
2106 1809 2291 1881 pater
2332 1809 2544 1864 vester
2590 1803 2751 1863 deti-

289 1903 456 1974 nuit,
503 1921 618 1980 pro
658 1920 835 1979 pens.
863 1911 1096 1962 'annua
1137 1903 1205 1961 in
1244 1900 1392 1961 fest.
1436 1921 1486 1960 s.
1530 1901 1730 1961 Marie
1769 1902 1837 1960 in
1885 1907 2117 1978 agusto
2170 1900 2255 1960 ad
2310 1900 2459 1960 ecel.
2502 1919 2552 1960 s.
2596 1899 2751 1960 obt.

273 2019 427 2078 erg.
471 1999 618 2058 den.
663 1999 756 2059 VI
800 1999 860 2058 b.
906 2017 1051 2078 exp.
1096 1999 1304 2077 qualis
1347 2018 1459 2078 per
1499 2004 1698 2077 temp.
1742 2017 1824 2069 o.;
1869 2017 2015 2075 pen.
2062 2017 2191 2076 arg.
2236 1997 2347 2058 sol.
2393 2005 2731 2058 sexxamta

291 2097 440 2156 Aet.
486 2095 836 2158 Voloterre.
920 2097 1243 2157 Anselnm.
1287 2096 1657 2157 Camerinus
1700 2096 1863 2156 diac.
1908 2101 1975 2155 et
2017 2113 2157 2155 can.
2203 2095 2509 2156 Adelmus
2536 2097 2751 2175 primi-

267 2195 518 2254 nerins.
565 2193 1016 2254 Ermendricus
1055 2193 1264 2272 presb.
1310 2201 1376 2254 et
1419 2213 1559 2254 can.
1605 2193 1894 2254 Andreas
1922 2192 2131 2271 presb.
2162 2199 2229 2254 et
2264 2213 2403 2253 ean.
2432 2193 2753 2272 Teuperto

293 2291 508 2370 presb.
553 2297 621 2351 et
660 2310 803 2352 ean.
849 2290 1200 2366 Ioanhen¹)
1245 2291 1452 2368 presb.
1504 2297 1572 2350 et
1614 2309 1754 2350 can.
1799 2309 1881 2350 ss.
1934 2289 1997 2350 S.
2056 2309 2141 2348 m.
2194 2289 2341 2367 Legi
2372 2293 2417 2365 ¹)
2462 2295 2527 2348 et
2555 2289 2750 2350 Petri.

290 2388 442 2448 Ursi
485 2389 599 2466 qui
641 2387 728 2447 ad
754 2388 900 2448 filiis
931 2389 1236 2448 ‹·onsensi.
1271 2387 1500 2448 Petrus
1529 2387 1722 2448 iudex
1751 2388 1881 2465 inp.
1914 2407 1996 2446 ss.
2030 2385 2092 2446 S.
2117 2407 2201 2446 m.
2248 2386 2566 2448 Uuillelmi
2610 2386 2655 2446 f.
2689 2387 2751 2447 b.

293 2506 382 2545 m.
427 2485 821 2546 Cunieunde.
865 2485 1064 2546 Uuidi
1105 2485 1151 2544 f.
1197 2485 1260 2544 b.
1306 2505 1390 2543 m.
1433 2484 1790 2566 Teudinghi
1848 2504 1912 2562 q.
1970 2485 2200 2544 Teutio
2256 2503 2393 2544 voe.
2451 2484 2753 2570 Teuperti

272 2601 355 2659 -q.
399 2583 632 2643 Teutio
676 2601 815 2642 voc.
859 2581 906 2642 f.
952 2581 1014 2641 b.
1061 2601 1144 2641 m.
1197 2581 1487 2642 Grasolfi.
1533 2582 1888 2642 Ildibrandi
1930 2601 1995 2660 q.
2043 2581 2259 2641 Ilditio
2302 2599 2441 2641 voe.
2484 2580 2531 2640 f.
2572 2581 2631 2641 b.
2664 2601 2749 2642 m.

289 2677 598 2739 Ildibaldi
619 2699 684 2757 q.
708 2678 930 2739 Ilditio
961 2698 1097 2739 voc.
1131 2685 1210 2738 tt.
1245 2678 1612 2740 Gherardus
1641 2685 1775 2739 not.
1799 2680 1932 2756 inp.
1958 2684 2038 2738 tt.
2064 2697 2145 2738 ss.
2212 2677 2441 2739 Petrus
2462 2685 2595 2739 not.
2621 2681 2750 2756 inp.

624 2774 786 2836 Volt.
819 2775 1039 2852 AOap.
1083 2794 1146 2835 n.
1192 2775 1272 2836 34
1314 2775 1486 2852 Oriy.

271 2971 390 3031 ⁴71.
1769 2969 2065 3040 Volterrw,
2109 2969 2191 3030 28
2232 2969 2299 3029 N
2300 2970 2573 3031 ovember
2613 2970 2751 3032 986.

411 3067 967 3145 Nongnentesimo
1021 3068 1438 3128 octuaiesimo
1491 3073 1725 3139 sexam,
1771 3073 2007 3145 quarto
2058 3067 2185 3126 kal.
2228 3067 2387 3140 dee„
2431 3069 2563 3128 ind.
2608 3068 2751 3128 XV.

287 3165 346 3223 A
363 3184 504 3225 nse
521 3165 540 3224 l
557 3183 674 3224 mo
715 3163 1054 3224 archidiac.
1085 3172 1153 3225 et
1177 3166 1542 3243 prepositus
1569 3184 1618 3224 s.
1653 3163 1991 3224 ott-abisai
2018 3165 2190 3224 iusta
2216 3165 2448 3225 domus
2475 3185 2524 3224 s.
2558 3165 2756 3226 Maris

285 3261 507 3322 Volot.
551 3281 666 3340 per
707 3279 1083 3322 consensum
1125 3261 1530 3322 sacerdotum
1559 3281 1700 3321 ean.
1725 3261 1969 3322 fratum
1998 3265 2043 3337 ¹)
2072 3280 2357 3321 meorum
2387 3281 2498 3323 seu
2527 3263 2755 3323 levitas

285 3359 506 3438 adque
545 3359 789 3419 eiratici
833 3359 942 3419 lib.
999 3361 1132 3420 iure
1174 3358 1258 3419 do
1299 3364 1498 3437 atque
1538 3359 1723 3420 firmo
1779 3358 1946 3419 Urso
1999 3359 2208 3437 presb.
2265 3359 2311 3418 f.
2371 3359 2432 3420 b.
2485 3379 2569 3420 m.
2626 3360 2754 3420 An-

267 3456 574 3518 .simundi
617 3456 783 3517 med.
828 3456 910 3517 de
949 3457 1228 3516 casalino
1269 3463 1337 3516 eb
1378 3456 1569 3517 rebus
1609 3456 1977 3528 donnicatas,
2016 3458 2081 3517 in
2137 3476 2267 3535 qua
2319 3456 2445 3517 fuit.
2500 3477 2649 3518 casa
2690 3465 2754 3518 et

284 3559 474 3614 curte
515 3553 884 3624 donnicatas,
910 3555 970 3612 in
1016 3554 1162 3613 Lari
1207 3561 1272 3614 et
1301 3552 1428 3614 alia
1455 3555 1704 3614 cassina
1735 3573 1845 3614 seu
1876 3555 2125 3632 integra
2160 3561 2331 3615 sorte
2360 3555 2755 3615 massaricias

283 3652 355 3710 in
403 3649 571 3716 Lari,
617 3651 746 3710 iam
787 3669 837 3708 r.
881 3669 994 3728 per
1033 3650 1143 3728 qd.
1191 3650 1584 3730 Rachiperto
1626 3670 1816 3711 mass.
1860 3658 1928 3710 et
1971 3650 2165 3712 modo
2204 3671 2317 3730 per
2351 3651 2755 3723 Ghisalmari,

265 3746 406 3824 -qui
445 3745 608 3806 Gillo
649 3764 812 3816 voe„
854 3765 972 3823 pro
1013 3764 1188 3825 pens,
1233 3765 1450 3806 annua
1481 3749 1545 3806 in
1572 3746 1716 3807 fest.
1764 3767 1813 3807 s.
1846 3747 2045 3808 Maris
2089 3750 2154 3808 in
2183 3754 2415 3827 agusto
2442 3767 2576 3827 arg.
2608 3749 2753 3809 den.

285 3842 530 3904 XVIII
573 3843 636 3902 b.
681 3861 824 3920 exp.
855 3843 1062 3921 qualis
1089 3863 1202 3922 per
1229 3851 1428 3922 temp.
1474 3864 1556 3916 o.;
1601 3851 1749 3924 post
1779 3851 1966 3905 tuum
1996 3863 2323 3906 excessum
2352 3865 2449 3904 res
2479 3846 2758 3907 Duranti

285 3939 332 4000 f.
378 3940 624 4001 Amitie
665 3946 733 4000 et
774 3941 910 4001 eius
949 3960 1051 4020 gg.
1096 3940 1467 4014 deveniant;
1511 3961 1657 4020 pen.
1703 3963 1834 4021 arg.
1878 3943 1993 4003 sol.
2038 3941 2181 4002 LX.
2268 3942 2410 4002 Act.
2456 3944 2631 4004 intus
2673 3946 2756 4004 ei-

285 4040 566 4098 vitatem
611 4037 1076 4098 Voloterrense.
1160 4039 1484 4100 Anselmo.
1532 4039 1838 4102 Adelmus
1879 4041 2293 4120 primicerius.
2339 4040 2506 4101 Urso
2547 4042 2754 4121 presb.

281 4135 584 4196 Andreas
625 4135 834 4214 presb.
878 4142 944 4196 et-
985 4155 1128 4196 can.
1173 4135 1544 4197 Camerinus
1583 4136 1748 4198 diac.
1793 4145 1859 4198 et
1900 4158 2043 4198 can.
2090 4137 2409 4199 Iohannes
2452 4139 2659 4218 presb.
2692 4146 2759 4199 et

261 4247 454 4294 ·can„·
481 4233 932 4295 Ermendrious
971 4234 1180 4315 presb.
1224 4241 1292 4295 et
1333 4255 1473 4296 can.
1521 4235 1804 4296 Rodulfo
1831 4237 1993 4296 diac.
2025 4242 2091 4296 et
2128 4257 2267 4297 can.
2301 4236 2524 4298 Albizo
2560 4238 2759 4298 levita

279 4339 352 4392 et
381 4351 530 4392 ean.
558 4330 828 4392 Alberto
857 4331 1052 4392 levita
1081 4339 1146 4392 et
1175 4353 1296 4393 can
1325 4353 1406 4394 ss,
1439 4333 1715 4394 Uuinizo
1742 4341 1824 4395 tt.
1868 4333 2105 4394 Alboni
2134 4341 2215 4394 tt.
2248 4355 2329 4395 ss.
2364 4333 2427 4396 S.
2462 4355 2544 4396 m.
2578 4336 2755 4396 Uuil-

278 4429 464 4489 lelmi
507 4428 552 4488 f.
600 4427 661 4488 b.
707 4448 792 4488 m.
824 4429 991 4511 *item
1033 4429 1357 4490 Uuillelmi
1401 4437 1481 4491 tt.
1632 4430 1998 4492 Gherardus
2038 4438 2176 4492 not.
2220 4433 2353 4510 inp.

624 4525 784 4586 Vole.
831 4523 1049 4604 AOap.
1094 4547 1156 4586 n.
1202 4527 1284 4587 35
1326 4527 1496 4605 Oriq.

437 4731 480 4791 ¹)
523 4729 616 4780 So.
