3817 5642
906 542 1346 595 REGESTLTM
1385 541 2071 595 VOLATERRANUM
2618 544 2721 596 127

249 739 492 801 rebunt
533 738 844 801 mandato
885 757 1070 817 pape.
1179 738 1319 797 Act.
1366 738 1542 799 Vult.
1586 738 1653 798 in
1695 738 1890 799 choro
1946 738 2095 798 8881.
2142 757 2191 797 a.
2237 738 2451 799 Marie.
2549 738 2715 799 Lan·

249 838 492 899 {tanco
540 836 929 898 Ildjbrando.
980 836 1280 895 Rainerio
1321 856 1461 897 can.
1505 856 1554 895 8.
1601 836 1816 896 Mario.
1865 836 2303 895 Bonincontro
2348 835 2552 895 iudice
2604 835 2714 915 qd.

254 934 588 995 Guidonis.
635 932 886 995 Iuliano
926 932 1195 993 fornaio.
1283 931 1677 993 [simbardus
1718 940 1854 993 not.

575 1032 840 1093 Florenz
867 1032 1022 1091 Asc.
1057 1032 1250 1105 (Volt.
1284 1032 1443 1091 1217
1473 1032 1550 1091 II
1582 1033 1678 1100 17,
1708 1052 1772 1090 n.
1803 1032 1949 1106 160>
1981 1032 2153 1107 Oriq.

251 1228 394 1289 357.
1896 1227 2088 1299 C'olle,
2119 1228 2200 1288 18
2227 1228 2505 1289 Febr-aar
2532 1228 2715 1289 1218.

375 1327 512 1387 Nos
555 1326 844 1387 homines
885 1324 966 1385 de
1022 1324 1248 1387 Colle
1305 1328 1587 1387 iuramus
1645 1332 1860 1387 tenere
1916 1332 1982 1385 et'-
2037 1327 2377 1387 observare
2432 1329 2717 1407 capitula

247 1426 638 1496 securitat-iS,
667 1443 864 1502 quam
895 1422 1208 1483 habemus
1249 1443 1395 1483 cum
1439 1424 1806 1483 hominibus
1832 1430 1900 1485 et
1930 1427 2186 1485 comuni
2216 1424 2295 1485 de
2326 1424 2563 1487 Sancto
2594 1426 2717 1487 Ge·

251 1524 558 1593 miniano,
591 1528 666 1581 ut
707 1523 774 1581 in
813 1523 1009 1581 cartis
1053 1522 1402 1601 Beringerii
1427 1525 1470 1596 ι)
1514 1522 1662 1581 olim
1709 1522 1935 1581 iudicis
1977 1528 2045 1583 et
2085 1530 2221 1583 not.
2252 1526 2621 1585 continetur
2645 1529 2715 1599 ⁹).

247 1622 395 1683 Act.
439 1623 508 1681 in
550 1628 762 1681 castro
801 1620 882 1681 de
922 1621 1109 1681 Colle.
1194 1619 1582 1693 MCCXVII,
1627 1620 1758 1681 ind.
1804 1620 1919 1695 VI,
1965 1620 2101 1681 XII
2144 1622 2268 1683 kal.
2314 1630 2503 1682 mart.
2590 1623 2713 1683 Bo-

249 1738 595 1779 naccorsus
637 1724 772 1779 not.
2266 1722 2273 1729 ·

575 1818 710 1877 San
737 1816 1116 1892 Gemiqnano
1145 1816 1381 1877 AG'om.
1412 1817 1594 1877 Liber
1622 1818 1877 1877 blancus
1903 1818 1987 1877 19
2029 1817 2182 1896 Oop.
2226 1836 2277 1877 ε.
2326 1818 2512 1878 XIII
2556 1818 2717 1878 med.

573 1915 724 1990 Ray.
765 1914 1126 1975 Davidsolm
1170 1916 1610 1993 Forsclzunqe‘n
1640 1916 1714 1976 ll
1749 1916 1789 1975 9
1813 1936 1879 1977 n.
1909 1917 1969 1977 2.

245 2113 388 2173 358.
1885 2112 2177 2182 Volterra,
2209 2112 2291 2171 19
2318 2112 2425 2169 M
2398 2132 2503 2173 arz
2529 2110 2711 2173 1218.

369 2209 510 2269 Nos
551 2207 958 2269 Rubaldinus
1000 2208 1106 2287 qd.
1152 2208 1538 2287 Sooreialupi
1595 2216 1664 2270 et
1703 2209 2009 2269 Albertus
2063 2209 2298 2270 Bifulci
2352 2209 2577 2269 arbitri
2632 2228 2715 2271 ex

241 2307 713 2385 compromisso
749 2306 937 2367 electi
979 2328 1018 2367 a
1067 2306 1346 2367 Fortone
1400 2314 1468 2367 81
1524 2308 1646 2367 Ρ88
1619 2308 1824 2385 ⁴:quali
1883 2307 1992 2384 qd.
2038 2307 2335 2367 Fortonis
2391 2314 2459 2367 81
2514 2305 2711 2366 Scuto

243 2407 500 2467 sindico
539 2406 908 2465 comunis
950 2404 1163 2465 Vult.
1207 2404 1590 2465 diffinimus:
1635 2404 1915 2465 sindicus
1945 2407 2237 2466 comunis
2266 2406 2351 2466 ad
2377 2406 2503 2466 kal.
2536 2404 2709 2466 mad.

241 2502 464 2562 solvat
506 2504 596 2561 eis
625 2500 730 2561 lib.
762 2501 965 2562 XXX
991 2501 1135 2560 den.
1165 2500 1364 2573 Vult„
1407 2520 1572 2579 quas
1601 2508 1834 2579 petunt
1868 2521 1986 2580 pro
2014 2502 2227 2575 feudo,
2260 2508 2327 2563 et
2356 2504 2465 2563 lib.
2497 2503 2564 2564 X
2594 2522 2716 2581 pro

238 2600 565 2678 expensis»,
610 2601 764 2677 quia
803 2604 1124 2659 stet-erunt
1167 2617 1314 2658 eum
1357 2598 1811 2660 Ildebrandino
1854 2599 2082 2660 Romei
2128 2600 2279 2659 olim
2313 2601 2490 2661 Vult.
2529 2607 2708 2680 pote-

238 2703 422 2759 state
463 2716 580 2777 pro
622 2696 966 2757 balistariis
1007 2696 1322 2757 Vulterris
1355 2702 1421 2755 et
1463 2696 1638 2774 apud
1682 2698 1971 2776 Nigram,
2014 2705 2209 2776 prout
2251 2698 2715 2759 Ildebrandino

239 2794 568 2875 placebat,
612 2794 696 2855 ad
743 2796 1078 2855 servitium
1127 2796 1415 2855 comunis
1464 2802 1530 2853 et
1581 2797 1961 2873 promisqum
2012 2796 2143 2856 fuit
2189 2797 2279 2857 eis
2330 2816 2446 2875 pro
2494 2816 2713 2857 menso

237 2894 350 2955 lib.
383 2892 499 2953 VI.
570 2892 722 2952 Dat.
749 2890 926 2952 Vult.
951 2894 1015 2951 in
1043 2890 1240 2952 domo
1261 2891 1536 2951 filiorum
1563 2894 2022 2972 Borgognonis.
2110 2892 2526 2954 Borricovoro
2548 2893 2708 2954 Min·

233 2991 540 3072 gardelle.
591 2990 892 3051 Rainerio
932 2990 1038 3068 qd.
1081 2990 1448 3051 Paltonerii.
1493 2990 1822 3052 Ubaldino
1877 2992 2185 3053 8888οηί8.
2247 2992 2520 3053 Strenna
2580 2991 2707 3052 Bu-

233 3089 510 3151 rasselli.
595 3087 979 3159 MCCXVII,
1025 3088 1156 3148 ind.
1201 3086 1314 3161 VI,
1360 3088 1569 3149 XIIII
1605 3088 1742 3149 kal..
1772 3108 1909 3167 apr.
1996 3091 2339 3151 Donzellus
2368 3092 2519 3169 imp.
2564 3092 2713 3152 aule

231 3186 442 3249 iudex
484 3186 623 3247 ord.
667 3192 730 3246 et
777 3192 910 3246 not.

491 3350 496 3355 ,
568 3285 832 3346 Florem
861 3284 1016 3344 Ast.
1050 3284 1242 3359 (Volt.
1273 3284 1434 3344 1217
1463 3284 1542 3343 II
1572 3284 1668 3357 19,
1701 3304 1764 3344 n.
1794 3286 1939 3361 163)
1968 3286 2143 3363 Oriq.

235 3482 384 3541 359.
1875 3482 2165 3551 Volterra,
2198 3482 2280 3543 29
2310 3482 2500 3559 ⁴1pril
2526 3484 2707 3545 1218.

361 3575 789 3647 MOCXVIII,
815 3574 920 3636 ΙΙΙ
949 3576 1073 3637 kal.
1105 3578 1254 3651 mai,
1287 3576 1558 3639 ind.V1.
1630 3578 1903 3652 Quando
1934 3578 2701 3657 Fraiepanis(Vult.

231 3678 436 3753 pot.)
482 3674 720 3734 iuravit
762 3681 1062 3752 precepta
1107 3674 1462 3751 (Iohannis)
1523 3676 1670 3738 abb.
1715 3696 1765 3736 S.
1812 3677 2082 3755 Galgani
2138 3685 2205 3737 et
2262 3679 2707 3757 (Florenzetti)

231 3771 558 3853 prepositi
584 3770 666 3831 de
693 3771 934 3831 Casulis
969 3772 1406 3849 delegatorum
1445 3794 1626 3852 pape,
1663 3780 2061 3852 protestatus
2089 3781 2187 3835 est
2214 3796 2379 3853 pres,
2412 3775 2705 3855 (Iacobo)

229 3871 424 3933 Vult.
467 3868 876 3947 archipresb„
919 3868 1296 3930 Ildjbrando
1336 3876 1402 3931 et
1447 3871 1746 3931 Rainerio
1789 3892 1952 3943 can„
1999 3874 2173 3950 quod
2228 3874 2463 3934 iuravit
2508 3874 2707 3935 salvis

227 3968 626 4036 rationibus,
657 3986 819 4046 quas
849 3986 962 4045 pro
991 3988 1262 4031 comune
1295 3968 1493 4030 habet
1522 3974 1584 4031 in
1615 3972 1859 4042 8881818,
1892 3971 1973 4031 de
2002 3972 2235 4049 quibus
2264 3972 2339 4031 lis
2369 3978 2485 4033 est.
2559 3973 2705 4035 Act.

231 4069 424 4131 Vult.
467 4067 534 4126 in
573 4066 725 4127 8881.
769 4084 816 4124 S.
861 4066 1078 4128 Mario.
1164 4065 1560 4127 Isimbardus
1604 4088 1650 4125 8.
1695 4071 1848 4146 imp.
1892 4075 2029 4130 not.

566 4164 826 4225 Florem
853 4164 1005 4225 Ast.
1039 4166 1228 4241 (Volt.
1259 4184 1320 4226 n.
1350 4166 1495 4242 177)
1527 4166 1698 4243 Oriq.

229 4362 382 4423 360
2068 4360 2246 4434 Pisa,
2276 4362 2318 4422 3
2349 4362 2493 4424 Mai
2521 4364 2701 4425 1218

361 4454 791 4517 Baldinaocus
831 4453 875 4514 f.
918 4454 1025 4534 qd.
1067 4454 1345 4517 Rolandi
1391 4454 1672 4517 Bicencii
1699 4457 2084 4519 castellanus
2112 4458 2350 4519 electus
2378 4460 2461 4519 de
2491 4470 2709 4521 oastro

227 4556 414 4617 Nera
441 4572 642 4633 prope
671 4552 1042 4615 Vulterras'
1025 4572 1181 4627 iure,
1213 4552 1384 4631 quod
1415 4554 1504 4614 ad
1527 4553 1834 4614 honorem
1865 4554 2137 4616 Honorii
2178 4576 2363 4635 pape,
2411 4558 2710 4618 Romano

383 4764 426 4827 ¹)
469 4764 610 4815 1199
650 4760 743 4809 XI
781 4763 865 4821 24,
904 4762 1036 4812 oben
1071 4776 1126 4811 n.
1169 4764 1288 4813 251.
1435 4762 1478 4824 ²)
1517 4762 1725 4833 Ig'olqen
1759 4762 2049 4814 zahlreiohe
2074 4764 2309 4814 Numen.
