3817 5642
876 589 1322 673 REGESTUM
1361 589 1985 644 VOLATERRANU
1986 590 2017 642 h
2028 590 2049 643 1
2587 592 2696 644 319

209 790 362 847 938.
1972 785 2156 857 Rieti,
2200 785 2281 846 26
2325 786 2473 846 Mai
2514 785 2692 846 1288.

345 884 752 946 Nicolaus
795 883 902 944 IV
949 882 1323 962 (Raynerio)
1365 902 1464 961 ep.
1508 883 1682 945 Vult.
1769 883 2049 944 Nuntiat
2090 882 2357 943 Nerium
2394 884 2498 961 qd.
2529 884 2694 944 Ildc-

209 981 531 1042 brandini
571 981 652 1041 de
699 979 1010 1042 Chiusure
1065 979 1298 1040 laicum
1354 979 1528 1039 Aret.
1585 978 1768 1049 dioc„
1826 997 2021 1056 quem
2076 979 2417 1039 Avenante
2470 978 2697 1039 mulier

209 1098 448 1139 secum
489 1078 654 1137 falso
696 1077 967 1138 asseruit
1011 1078 1494 1138 matrimonium
1537 1077 1933 1137 contraxisse
1972 1095 2121 1136 eum
2163 1074 2444 1153 petendo
2480 1096 2695 1137 coram

211 1177 509 1255 piebano
551 1177 630 1235 de
673 1175 916 1236 Pacina
954 1175 1128 1234 Aret.
1171 1174 1356 1245 dioc„
1400 1176 1505 1234 cui
1537 1173 1942 1250 (Guilelmus)
1972 1194 2071 1253 cp.
2102 1174 2405 1234 Aretinus
2434 1194 2695 1234 oausam

213 1274 576 1343 commisit,
619 1274 843 1349 iniqua
883 1273 1204 1333 sententia
1245 1292 1286 1331 a
1325 1269 1604 1350 plebano
1648 1270 2059 1350 promulgata
2096 1272 2181 1331 ad
2224 1272 2438 1332 sedem
2480 1273 2693 1350 appel-

215 1371 413 1429 lasse.
457 1368 750 1437 Mandat,
794 1374 870 1429 ut
913 1368 1216 1430 canonice
1257 1373 1620 1446 cognoscat.
1719 1367 1899 1428 «Sua
1942 1367 2189 1428 nobis».
2293 1367 2443 1427 Dat.
2488 1368 2695 1428 Reate

217 1467 358 1526 VII
405 1466 528 1526 kal.
575 1465 728 1537 iun.,
777 1471 959 1543 pont.
1005 1465 1056 1524 I.

565 1564 721 1623 Volt.
769 1562 1008 1624 AVesc.
1053 1564 1223 1641 App.
1267 1584 1314 1623 8.
1359 1563 1549 1623 XIII
1589 1564 1760 1624 n.11
1792 1564 1961 1641 Oriq.
2006 1562 2215 1640 (Balbe
2244 1564 2531 1624 verloren.
2564 1564 2698 1641 Aul

554 1664 660 1723 der
701 1660 1028 1722 Rackseite
1069 1661 1304 1722 Nerius
1346 1662 1425 1722 de
1466 1661 1684 1738 Colle).

219 1860 370 1919 939.
1994 1858 2181 1930 Rieu,
2225 1857 2264 1917 5
2305 1858 2355 1918 J
2358 1859 2475 1918 uni
2517 1856 2692 1917 1288.

355 1958 420 2017 N
435 1956 704 2018 icolau
723 1976 754 2017 s
783 1956 890 2017 IV
919 1955 1194 2033 Rogerio
1225 1954 1501 2035 archiep.
1532 1954 1782 2017 Pisano.
1869 1954 2161 2027 Mandat,
2194 1957 2518 2033 quatinuS,
2550 1974 2697 2015 cum

224 2056 648 2134 (Raynerius)
693 2072 794 2132 ep.
838 2053 1012 2114 Vult.
1057 2059 1124 2112 et
1163 2052 1638 2129 predecessores
1680 2051 1852 2113 bona
1893 2072 1991 2130 ep.
2036 2051 2277 2113 clericis
2304 2058 2371 2111 et
2408 2048 2584 2111 laicis
2612 2051 2697 2110 ad

223 2156 464 2225 vitam,
510 2152 596 2213 ad
637 2158 897 2231 tempus
923 2150 1030 2213 vel
1051 2156 1368 2229 perpetuo
1397 2149 1839 2222 alienaverint,
1871 2171 1948 2210 ea
1973 2154 2234 2211 revocet
2257 2150 2322 2225 ¹).
2406 2169 2435 2209 e
2455 2149 2559 2209 Ad
2584 2168 2695 2209 au-

223 2249 548 2312 dientiam
569 2270 612 2309 ».
701 2251 850 2311 Dat.
895 2250 1103 2311 Reate
1143 2268 1291 2309 non.
1336 2247 1488 2319 iun„
1530 2254 1712 2327 pont.
1761 2247 1810 2309 Ι.

563 2350 716 2411 Volt.
760 2348 999 2409 AVeec.
1041 2368 1089 2408 3.
1135 2346 1323 2408 XIII
1363 2348 1484 2409 deo.
1531 2347 1570 2407 9
1595 2366 1658 2407 n.
1690 2346 1771 2407 58
1800 2347 1971 2424 Oriq.
2008 2346 2215 2423 <Bulla
2242 2346 2531 2406 verloren.
2564 2346 2699 2420 Auf

557 2448 662 2507 der
705 2446 1032 2508 Rilok-seite
1075 2446 1141 2506 C.
1185 2446 1268 2507 de
1309 2444 1550 2507 Sancto
1593 2445 2019 2521 Geminiano).

228 2645 376 2705 940.
1676 2638 1975 2710 Okianni,
2020 2641 2099 2700 24
2148 2638 2477 2699 November
2518 2638 2694 2700 1288.

360 2740 600 2801 Omnes
641 2741 930 2800 homines
969 2740 1049 2801 de
1091 2721 1457 2808 Chianni,
1501 2736 1779 2808 LXXX,
1812 2736 2084 2815 Herrigo
2110 2738 2193 2799 de
2220 2737 2283 2797 la
2322 2736 2494 2797 Tosa
2518 2736 2697 2796 Rai-

229 2858 451 2900 nerii
489 2858 588 2917 ep.
632 2838 805 2899 Vult.
849 2840 916 2898 in
957 2837 1253 2916 perbibus
1299 2836 1480 2898 vallis
1523 2836 1645 2895 Ere
1691 2835 1931 2895 vicario
1988 2834 2263 2913 generali
2318 2834 2697 2897 fidelitatem

227 2939 472 2996 iuranb.
559 2935 700 2994 Act.
743 2934 1059 2995 Chianni
1041 2954 1110 2994 in
1135 2934 1276 2994 loco
1303 2933 1480 2993 dicto
1522 2930 1836 2993 CasalinO.
1924 2930 2533 3003 MCCLXXXVIII,
2566 2932 2694 2992 ind.

229 3035 324 3105 II,
367 3054 519 3094 nov.
564 3032 861 3095 XXIIII.

1522 3128 1976 3203 Montefoscolz',
2021 3130 2101 3189 27
2144 3129 2478 3189 November
2518 3128 2696 3190 1288.

357 3228 530 3289 Item
573 3227 794 3290 CXIX
834 3228 916 3288 de
956 3226 1568 3287 Montefosculi.
1647 3224 2100 3286 Montefosculi
2129 3227 2195 3286 in
2222 3225 2372 3286 eccl.
2404 3224 2695 3286 &Maria

231 3327 409 3387 Nov.
454 3324 738 3386 XXVII.

1675 3419 1977 3491 Laiatico‚
2019 3418 2102 3480 29
2144 3419 2479 3480 November
2518 3418 2695 3481 1288.

357 3517 532 3577 Item
573 3515 862 3576 LXVIII
901 3514 983 3575 de
1022 3515 1422 3577 Laiatico.
1511 3516 1782 3576 Laiatici
1810 3516 1878 3575 in
1919 3516 2199 3579 clausero
2228 3514 2435 3594 plebis
2462 3536 2511 3575 e.
2543 3516 2698 3579 Leo·

233 3614 446 3676 nardi.
529 3613 696 3675 Nov.
741 3611 1097 3673 XXVIIII.

569 3710 722 3773 Volt.
767 3711 1007 3772 AVeec.
1051 3730 1099 3769 8.
1144 3709 1333 3769 XIII
1372 3709 1492 3769 dec.
1539 3710 1666 3770 9n.
1699 3710 1779 3770 57
1806 3710 1977 3786 Oriq.
2015 3709 2321 3786 (Botulus,
2351 3713 2555 3772 mitn.
2580 3711 2700 3772 937

562 3812 960 3883 zusammen).

238 4005 380 4063 941.
403 3996 412 4003 ’
1711 4004 1989 4075 Fresini,
2020 4002 2103 4065 28
2142 4004 2479 4065 November
2521 4003 2697 4066 1288.

361 4098 980 4173 MOCLXXXVIII,
1009 4099 1142 4161 ind.
1173 4100 1267 4173 H,
1297 4100 1402 4162 111
1431 4122 1528 4162 ex.
1559 4122 1706 4163 nov.
1775 4100 1989 4179 Hugo
2020 4100 2331 4181 plebanus
2360 4102 2442 4161 de
2470 4101 2699 4173 Monti‚

237 4202 534 4278 potestas
561 4197 848 4275 electus
829 4216 897 4259 m
925 4198 1200 4259 rectoria
1227 4200 1422 4260 castri
1447 4199 1528 4260 de
1556 4199 1820 4260 Frosine
1849 4220 1890 4261 a
1932 4199 2082 4259 Ra
2067 4199 2330 4260 inerio
2372 4218 2469 4276 ep.
2500 4198 2698 4271 Vult„

237 4296 531 4375 precepit
571 4295 868 4357 omnibus
895 4295 1105 4356 XXII
1131 4296 1500 4359 hominibus
1527 4298 1740 4371 castri,
1777 4298 1952 4375 quod
1978 4295 2225 4359 faciant.
2254 4317 2371 4358 sua
2398 4303 2703 4376 precepta

241 4396 327 4457 ad
355 4395 530 4457 diem
557 4396 720 4457 iovis
745 4395 792 4474 ')
835 4396 1220 4475 proximum.
1305 4397 1449 4457 Act.
1477 4397 1741 4473 Erosine
1771 4398 1838 4459 in
1867 4397 2017 4457 eccl.
2092 4394 2429 4456 Bonfiliolo
2459 4403 2701 4458 rectore

242 4491 391 4555 eccl.
435 4493 630 4554 castri
671 4499 740 4555 et
780 4493 1028 4555 Franco
1069 4500 1202 4556 not.
1251 4500 1326 4555 tt.

393 4706 436 4773 ¹)
475 4708 724 4757 Oleicken
768 4708 1085 4758 Wortlautee
1123 4709 1220 4759 mit
1258 4726 1308 4759 π.
1351 4711 1469 4759 933.
1519 4708 1820 4771 Verqleiche
1871 4710 2012 4759 auch
2060 4725 2115 4759 n.
2156 4710 2276 4759 934.
2442 4708 2487 4773 ³)
2528 4711 2558 4760 2
2596 4710 2701 4757 De-

243 4796 458 4846 zember.
