3817 5642
1069 567 1136 619 10
1711 565 1878 620 ΒΕΘ
1889 563 2095 618 EST(
2098 565 2159 618 M
2200 563 2249 616 V
2254 562 2881 619 OLATERRANUM

1069 659 1181 668 ———
1212 661 1257 664 —
1288 661 1317 666 --
1358 659 1557 666 ——.—-——-——
1588 659 1613 664 -
1810 659 2076 665 —.-—-——

1061 761 1341 832 tinentes
1395 759 1580 838 plebe
1633 759 1784 820 ecel.
1828 779 1878 819 e.
1935 759 2209 820 Iohanni
2262 777 2461 837 prope
2517 757 2721 837 burgo
2774 757 2995 820 Sancti
3052 757 3417 819 Geminiani
3458 759 3525 818 in

1061 856 1472 928 Marciniano,
1519 856 1630 917 ubi
1669 862 1738 917 et
1781 856 1951 917 Colle
1993 855 2212 918 Bsruli
2244 873 2405 926 voe..
2438 873 2489 915 r.
2519 874 2633 934 per
2673 854 2783 934 qd.
2820 855 3061 916 Bsrulo
3088 856 3413 926 massario,
3444 861 3523 914 ut

1059 974 1210 1016 ann.
1255 975 1430 1033 pens.
1475 975 1608 1035 arg.
1645 955 1792 1016 den.
1823 954 1992 1015 VIII
2022 955 2084 1015 b.
2114 975 2261 1032 exp.
2292 954 2500 1033 qualis
2540 973 2655 1033 per
2696 961 2895 1032 temp.
2938 974 2999 1016 o.
3042 953 3329 1024 solz-atim
3372 971 3521 1030 pen.

1059 1071 1194 1132 arg.
1237 1053 1350 1113 sol.
1395 1051 1536 1114 Lx.
1623 1053 1766 1114 Aet.
1811 1052 2026 1113 Volot.
2112 1053 2285 1114 Boso
2324 1071 2423 1130 ep.
2466 1071 2549 1112 ss.
2594 1051 2657 1114 S.
2702 1071 2788 1112 m.
2820 1050 3055 1113 Andre.
3086 1049 3396 1111 Everardi
3426 1052 3523 1111 vi·

1059 1151 1375 1211 cedomui.
1423 1149 1757 1212 Amalfridi
1784 1150 1832 1211 f.
1861 1150 1971 1230 qd.
2013 1149 2329 1211 Adalfridi
2358 1157 2439 1210 tt.
2470 1149 2746 1210 Nitardo
2773 1155 2855 1210 tt.
2892 1169 2975 1210 ss.
3058 1147 3342 1228 Sigifridi
3382 1153 3523 1209 not.

1390 1247 1545 1310 Volt.
1593 1249 1830 1310 AVese.
1873 1267 1923 1308 ε.
1969 1246 2035 1307 X
2074 1247 2197 1308 dec.
2242 1249 2281 1308 4
2322 1267 2384 1308 n.
2428 1247 2468 1309 4
2510 1247 2679 1325 Θήρ.

1060 1477 1154 1536 31.
2844 1475 3143 1550 Volterra,
3185 1475 3336 1537 Juli
3378 1476 3517 1538 951.

1180 1575 1604 1653 Berengerius
1659 1579 1726 1634 et
1769 1573 2158 1635 Adalbertus
2212 1573 2467 1654 regibus
2521 1594 2581 1635 a.
2624 1577 2851 1654 primo,
2896 1574 3106 1644 iulius,
3150 1573 3280 1634 ind.
3324 1593 3521 1634 nona.

1059 1673 1272 1732 Boso
1313 1671 1526 1733 Volot.
1571 1691 1672 1750 ep.
1718 1670 1826 1732 lib.
1871 1671 2094 1732 ordine
2138 1671 2325 1732 firmo
2366 1671 2646 1732 Mart-ino
2686 1671 2731 1732 f.
2776 1671 2886 1750 qd.
2931 1671 3061 1732 Leo
3102 1679 3168 1732 et
3210 1671 3429 1732 Firmo
3470 1671 3521 1732 f.

1061 1769 1274 1830 Andre
1315 1771 1758 1831 consentiente
1799 1771 2086 1849 genitore
2130 1771 2196 1830 in
2237 1770 2485 1830 cassina
2528 1777 2595 1830 et
2637 1775 2809 1832 sorte
2849 1772 2917 1830 in
2948 1769 3210 1844 Queroe,
3241 1775 3437 1829 antea
3464 1789 3517 1830 r.

1057 1887 1170 1946 per
1209 1868 1379 1929 Urso
1419 1869 1743 1940 messarim
1787 1869 2151 1946 pertinente
2192 1867 2276 1929 de
2316 1868 2465 1928 ecel.
2509 1874 2733 1928 nostra
2775 1887 2825 1928 s.
2884 1867 3049 1930 Iusti
3092 1869 3173 1928 de
3212 1867 3335 1928 sub
3383 1869 3519 1929 iure

1055 1967 1473 2043 episcopatui,
1517 1984 1637 2043 pro
1675 1985 1852 2044 pens.
1895 1985 2115 2027 annua
2155 1965 2462 2026 solvenda
2502 1967 2571 2026 in
2608 1965 2755 2026 fest.
2798 1985 2849 2026 s.
2888 1965 3055 2026 Iusti
3080 1967 3127 2044 ¹)
3170 1966 3249 2026 ad
3282 1965 3433 2026 eccl.
3465 1985 3514 2024 s.

1059 2061 1222 2122 Iusti
1265 2080 1399 2141 arg.
1443 2061 1588 2122 den.
1633 2069 1782 2122 octo
1825 2063 1887 2124 b.
1932 2083 2075 2141 exp.
2122 2063 2330 2141 qualis
2370 2081 2485 2141 per
2526 2069 2725 2141 temp.
2770 2083 2853 2134 0.;
2890 2083 3038 2142 pen.
3068 2083 3202 2142 arg.
3232 2063 3345 2124 sol.
3376 2083 3519 2122 sex·

1057 2162 1286 2219 sainte.
1372 2160 1514 2220 Aet.
1560 2160 1774 2221 Volot.
1859 2161 2033 2221 Boso
2072 2180 2169 2239 ep.
2214 2179 2293 2222 ss.
2339 2159 2399 2221 S.
2448 2181 2531 2221 m.
2577 2159 2841 2222 Martini
2880 2166 2947 2222 et
2990 2160 3207 2222 Firmi.
3237 2159 3517 2234 Audies,

1057 2259 1170 2336 qui
1209 2257 1341 2318 filio
1383 2278 1526 2318 meo
1567 2260 1856 2318 consensi
1899 2261 1967 2318 et
2018 2279 2099 2318 ss.
2157 2258 2221 2320 S.
2267 2277 2349 2318 m.
2406 2257 2745 2318 Amalfridi
2798 2257 2844 2318 f.
2901 2257 3009 2337 qd.
3064 2257 3378 2319 Adaltridi
3434 2265 3511 2318 tt.

1057 2353 1340 2414 Berardo
1377 2363 1512 2414 not.
1557 2373 1776 2434 regum
1820 2373 1898 2414 ss.
1945 2353 2007 2415 S.
2052 2373 2135 2414 m.
2182 2353 2491 2432 Aldiperti
2536 2354 2581 2415 f.
2625 2354 2733 2434 qd.
2777 2353 3159 2433 Leoprandi.
3205 2355 3519 2416 Everardi

1057 2451 1420 2512 vicedomni
1459 2459 1542 2512 tt.
1709 2451 1990 2531 sigifridi
2032 2461 2168 2513 not.

1385 2549 1542 2610 Volt.
1576 2550 1886 2610 AMum‘c.
1934 2549 2191 2624 (Radia)
2233 2549 2403 2626 Θήρ.

1054 2781 1148 2839 32.
2620 2782 2985 2860 Luppiavw,
3025 2781 3109 2843 20
3148 2781 3335 2850 Mdrz
3375 2783 3515 2844 954.

1133 2875 1555 2956 Berengarius
1577 2885 1644 2936 et
1677 2875 2065 2938 Adalbertus
2092 2877 2137 2937 f.
2168 2880 2305 2938 eius
2332 2878 2589 2957 regibus
2616 2897 2673 2938 a.
2706 2876 2867 2949 1111,
2900 2877 3076 2939 XIII
3102 2878 3229 2938 kal.
3260 2880 3511 2958 aprelis,

1051 2974 1180 3034 ind.
1215 2973 1371 3034 XII.
1457 2973 1906 3036 Kamarino
1948 2975 1995 3035 f.
2027 2973 2091 3035 b.
2116 2995 2201 3036 m.
2228 2975 2582 3054 Hisalperti
2608 2995 2726 3054 pro
2752 2975 3103 3037 remedium
3132 2977 3347 3037 anime
3376 2997 3517 3037 mee

1051 3077 1119 3132 et
1161 3072 1466 3150 genitoris
1508 3079 1572 3132 et
1615 3073 1938 3150 genitricis
1978 3073 2178 3133 offero
2220 3073 2441 3134 eclesie
2484 3093 2533 3133 s.
2578 3072 2777 3134 Marie
2815 3071 2917 3133 fra
2946 3093 3131 3134 muro
3154 3076 3201 3148 ³)
3244 3075 3515 3135 civitate

1053 3167 1303 3228 Volote1
1317 3171 1514 3229 tensis
1555 3171 1624 3229 in
1662 3175 1989 3247 potest-ate
2031 3169 2109 3229 de
2152 3170 2461 3231 canoniea
2486 3189 2537 3230 e.
2564 3169 2915 3230 Octebiani
2955 3171 3203 3232 cassina
3232 3177 3299 3231 et
3340 3181 3521 3233 sorte

1053 3267 1116 3325 in
1162 3265 1439 3338 Maiano,
1482 3267 1674 3326 modo
1716 3286 1764 3327 r.
1799 3286 1915 3344 per
1944 3266 2232 3344 Aliperto
2274 3285 2486 3340 mesS.;
2530 3287 2677 3346 pen.
2721 3267 2919 3346 dupli.
3006 3268 3150 3328 Act.
3180 3268 3517 3330 Voloterre

1054 3364 1118 3422 in
1159 3365 1300 3440 ipsa
1341 3371 1516 3424 turre
1555 3364 1915 3442 Luppiano.
2001 3363 2061 3425 S.
2107 3385 2193 3425 m.
2238 3363 2597 3426 Kamarini.
2645 3365 2926 3427 Eriberti
2964 3365 3011 3426 f.
3056 3365 3119 3426 b.
3150 3385 3236 3426 m.
3266 3366 3509 3428 Tende-

1052 3459 1187 3519 lasi.
1233 3459 1576 3520 Liot-ardus
1617 3462 1898 3521 clerieuS.
1946 3461 2309 3522 Rodolfridi
2350 3481 2431 3522 ss.
2468 3461 2529 3521 S.
2576 3481 2659 3522 m.
2692 3461 2996 3524 lidibaldi
3023 3483 3086 3542 q.
3118 3462 3339 3524 Ilditio
3368 3483 3517 3525 voe..

1049 3555 1096 3616 f.
1128 3555 1190 3615 b.
1225 3575 1307 3617 m.
1341 3556 1532 3617 Immi
1575 3563 1657 3617 tt.
1743 3558 2026 3618 Berardo
2070 3569 2205 3619 not.

1381 3653 1538 3714 Volt.
1583 3653 1802 3732 ACap.
1846 3675 1911 3715 n.
1957 3654 2034 3714 11
2078 3654 2250 3732 Oria.

1051 3874 1146 3934 33.
2591 3875 2887 3949 Volterra,
2931 3877 3012 3938 28
3052 3876 3331 3938 Februa:
3368 3877 3491 3939 955

1173 3972 1593 4051 Berengarius
1615 3979 1680 4032 et
1704 3972 2055 4033 Adalberto
2077 3973 2123 4033 f.
2148 3975 2283 4033 eius
2304 3973 2491 4034 rebus
2510 3975 2557 4050 ⁸)
2575 3973 3146 4054 Langubardorum
3169 3994 3229 4034 a.
3254 3976 3513 4052 quinto,

1050 4069 1214 4148 prid.
1239 4069 1366 4130 kal.
1392 4072 1674 4143 mettim,
1693 4070 1823 4131 ind.
1843 4070 2036 4130 XIII.
2108 4071 2471 4132 Arnaldo
2500 4071 2775 4132 diacuno
2796 4079 3017 4133 custus
3032 4073 3183 4134 eccl.
3200 4092 3250 4132 ι.
3270 4073 3509 4133 Octab-

1051 4165 1226 4226 biani
1269 4166 1378 4226 lib.
1422 4169 1557 4227 iure
1613 4167 1798 4227 firmo
1855 4166 2160 4244 Gregorio
2212 4167 2422 4246 presb.
2477 4167 2525 4228 f.
2582 4167 2645 4228 b.
2704 4187 2789 4228 m.
2845 4169 3139 4248 Luperge
3190 4176 3258 4229 et
3313 4169 3519 4231 Petro-

1047 4262 1094 4324 f.
1141 4262 1202 4323 b.
1249 4285 1331 4324 m.
1379 4264 1679 4325 cristiani
1719 4271 1959 4324 sortem
1988 4271 2053 4322 et
2096 4283 2194 4324 res
2224 4266 2290 4325 in
2320 4265 2661 4345 Ulignano,
2691 4272 2887 4326 snt-ea
2915 4286 2965 4327 r.
2995 4285 3109 4344 per
3137 4263 3519 4328 Rumanulo-

1050 4379 1262 4431 mass„
1285 4361 1372 4421 ad
1397 4381 1576 4439 pens,
1607 4381 1758 4421 ann.
1789 4363 1853 4420 in
1881 4361 2030 4421 fest.
2060 4381 2108 4421 s.
2146 4361 2345 4422 Mar-ie
2386 4362 2452 4422 in
2494 4369 2724 4440 agusto
2764 4362 3138 4424 solvendam
3180 4383 3314 4442 arg.
3356 4363 3515 4424 den.

1048 4456 1318 4518 duodeci
1360 4458 1423 4519 b.
1467 4479 1612 4536 exp.
1656 4459 1864 4536 qualis
1903 4477 2019 4535 per
2068 4464 2267 4536 temp.
2313 4478 2393 4531 0.;
2436 4479 2583 4537 pen.
2634 4478 2769 4538 arg.
2814 4459 2928 4520 soi.
2978 4465 3259 4520 centum.
3359 4461 3507 4522 Act.

1048 4554 1398 4616 Voloterre.
1483 4555 1804 4616 Arnoldus
1845 4561 2063 4616 custos
2103 4561 2171 4615 et
2213 4575 2355 4616 can.
2400 4556 2633 4617 Gundo
2676 4557 2875 4618 levit-a
2908 4563 2975 4617 et
3004 4577 3146 4618 can.
3176 4556 3521 4620 Gotserius

1197 4761 1236 4822 ¹)
1279 4763 1310 4811 5
1346 4759 1512 4811 Juni.
1659 4761 1700 4823 ²)
1743 4779 1804 4809 z
1843 4763 1989 4813 infra
2026 4779 2228 4814 muros.
2376 4764 2417 4828 ³)
2460 4783 2521 4812 z
2554 4767 2797 4830 regibus.
