3817 5642
917 567 1364 623 REGESTUM
1399 564 2088 623 VOLATERRANUM
2627 568 2725 621 131

263 765 505 826 derunt
547 764 964 825 Gualterocto
1017 762 1128 843 qd.
1157 762 1556 823 Albertinuzi
1581 764 1815 823 rectori
1846 762 2175 823 societatis
2214 762 2653 829 Franchorum
2680 774 2729 847 ¹)

263 862 352 923 de
377 863 551 925 Colle
581 864 720 923 vice
745 862 1165 923 aemunitatis
1190 862 1390 939 ipsius
1415 860 1744 921 societatis
1769 860 2017 937 p'etiem
2044 866 2211 920 terre
2238 862 2405 922 inter
2424 882 2727 944 campum

263 962 384 1041 qui
421 960 658 1022 dicitur
699 960 1090 1038 Scorcialupi
1116 964 1186 1020 et
1213 957 1548 1019 castellum
1574 956 2015 1018 Franchorum
2044 960 2108 1034 ¹),
2140 977 2256 1037 pro
2282 960 2403 1021 LX
2438 960 2549 1025 lib.
2578 963 2729 1027 den.

265 1058 420 1131 Pis„
465 1078 626 1137 quos
665 1059 814 1119 filiis
855 1058 1122 1138 Rugerii
1161 1056 1422 1117 Viviani
1461 1054 1820 1133 expendere
1861 1055 2103 1117 debent
2156 1057 2225 1116 in
2277 1057 2499 1120 debito
2554 1081 2725 1125 mon.

265 1156 627 1217 Bruna-cius
669 1154 778 1235 qd.
821 1154 1098 1234 Lupaldi
1139 1159 1206 1215 et
1247 1151 1673 1213 Ghinibaldus
1713 1152 1823 1230 qd.
1870 1151 2115 1213 Riccoli
2154 1155 2631 1219 constituerunt
2658 1180 2725 1220 se

261 1252 652 1332 principales
691 1252 1014 1315 debitores
1054 1258 1122 1313 ot
1164 1256 1540 1332 pagatores;
1583 1270 1728 1328 pen.
1763 1248 1965 1328 dupli.
2011 1250 2138 1311 Pro
2176 1252 2464 1330 qualibet
2506 1258 2727 1318 vendi-

263 1351 446 1411 tione
485 1352 647 1429 petii
688 1350 1148 1411 monasterium
1191 1348 1430 1409 habeat
1473 1347 1613 1408 XII
1653 1346 1799 1407 den.
1845 1346 1973 1409 Pis.
2002 1366 2121 1426 pro
2148 1348 2329 1421 libra,
2374 1369 2570 1430 quam
2618 1354 2725 1415 de-

263 1448 437 1509 derit
481 1448 796 1509 venditori
841 1448 944 1508 vel
985 1448 1358 1509 concessori.
1399 1500 1419 1519 ,
1444 1445 1587 1506 Act.
1631 1448 1698 1507 in
1739 1445 2023 1506 claustro
2063 1448 2451 1510 monasterii.
2536 1450 2726 1512 Guic·

263 1544 554 1605 ciardino
593 1545 704 1623 qd.
747 1543 1046 1605 Locterii.
1088 1543 1530 1603 Tramontano
1571 1540 1680 1621 qd.
1725 1541 2137 1603 Mazavitelli.
2194 1542 2576 1608 Seracinello
2619 1548 2723 1627 qd.

265 1644 534 1705 Azolini.
577 1642 794 1704 Marco
837 1643 1218 1721 Bongianni.
1277 1640 1616 1703 Maianuzo
1670 1640 1779 1719 qd.
1823 1640 2065 1701 Maiani
2104 1648 2186 1703 tt.
2258 1640 2571 1707 Bonfilius
2610 1665 2726 1725 pu-

266 1741 472 1803 blicus
512 1747 650 1802 not.
1397 1804 1406 1813 ,

591 1838 856 1899 Florem
881 1838 1036 1899 Ass.
1071 1836 1295 1914 (Colle)
1325 1837 1499 1915 Θήρ.

266 1974 410 2033 369.
1592 1970 1796 2032 Sama
1836 1970 2137 2045 Grictina,
2171 1972 2209 2031 7
2234 1971 2516 2033 Febr-aar
2541 1974 2725 2035 1219.

390 2068 921 2141 MCOVIII,V11
961 2068 1048 2129 id.
1091 2066 1241 2140 feb„
1285 2068 1417 2129 ind.
1441 2067 1594 2129 VII.
1679 2067 1785 2128 Pa
1800 2088 2057 2147 genus
2097 2088 2199 2147 ep.
2258 2069 2435 2131 Vult.
2480 2073 2549 2132 in
2586 2092 2728 2150 per-

264 2169 634 2229 mutatione
693 2166 872 2228 dedit
936 2166 1282 2246 Paganello
1345 2164 1645 2227 Guidot-ti
1711 2171 1936 2237 terras,
2004 2186 2169 2247 quas
2230 2168 2552 2231 Iohannes
2614 2172 2724 2250 qd.

263 2268 468 2346 Burgi
508 2265 591 2327 de
630 2264 1076 2345 Montegabro,
1121 2262 1440 2323 Iohannes
1482 2262 1741 2324 Pintelli
1779 2263 1862 2324 de
1901 2264 2291 2337 Bulisciano,
2335 2265 2606 2329 Donello
2645 2268 2727 2330 de

263 2365 638 2425 Bulisciano
679 2361 1048 2425 habuerunt
1099 2363 1166 2423 in
1219 2366 1434 2422 castro
1487 2366 1554 2421 ct
1607 2364 1789 2422 curte
1842 2360 1925 2421 de
1977 2360 2429 2441 Montegabr03
2486 2368 2727 2444 recepit

261 2470 473 2522 terras
512 2462 581 2521 in
620 2460 776 2521 villa
817 2458 1052 2519 Sancte
1093 2458 1366 2519 Cristine
1407 2457 1466 2517 al
1525 2457 1716 2518 Pozo.
1815 2456 1983 2519 Lata
2038 2460 2105 2519 in
2146 2459 2300 2520 villa
2352 2457 2432 2520 de
2488 2459 2728 2523 Sancte

258 2560 607 2622 Christina.
677 2554 1072 2619 Usimbardo
1097 2556 1178 2616 de
1201 2555 1498 2617 Pichena.
1524 2555 1764 2634 Iscopo
1787 2555 1894 2636 qd.
1920 2555 2241 2617 Asseduti.
2266 2556 2727 2619 Venturabella

256 2658 338 2717 di
380 2657 596 2737 Burgo
635 2655 718 2716 de
758 2653 940 2715 Senis
979 2660 1062 2714 tt.
1147 2652 1458 2714 Risalitus
1497 2659 1636 2715 not.

597 2753 758 2815 Volt.
787 2752 1030 2814 AVesc.
1057 2770 1112 2811 ε.
1142 2750 1332 2811 XIII
1358 2750 1482 2811 dcc.
1512 2752 1552 2812 2
1578 2770 1644 2811 η.
1673 2750 1756 2811 30
1779 2750 1955 2827 Oriq.

261 2924 414 2985 370.
1895 2919 2193 2993 Volterra,
2223 2920 2301 2979 11
2330 2921 2516 2983 Mdrz
2541 2922 2727 2985 1219.

349 3022 360 3033 ⁰
391 3020 644 3081 Bar-one
686 3017 954 3091 Stefani,
998 3017 1325 3095 Galgenus
1365 3016 1698 3089 Tancredi,
1744 3016 2185 3079 Bonafidanza
2228 3016 2517 3081 Rainerii
2550 3020 2727 3082 Vult.

257 3117 560 3180 consules
601 3116 683 3176 de
725 3114 988 3175 consilio
1029 3112 1136 3174 III
1177 3134 1438 3176 suorum
1491 3114 2017 3188 consiliariorum,
2075 3114 2148 3175 II
2199 3116 2605 3193 provisorum
2660 3124 2729 3178 et

258 3214 548 3278 consulis
589 3218 1019 3274 mercatorum
1060 3215 1535 3274 constituerunt
1576 3213 1937 3275 Gerardum
1976 3212 2269 3276 Cabbioli
2294 3215 2615 3275 sindicum
2644 3216 2728 3278 ad

259 3330 494 3375 omnes
533 3329 782 3383 causae,
811 3328 974 3387 quas
1001 3307 1246 3369 habent
1285 3328 1434 3369 cum
1475 3311 1804 3391 Pagano
1845 3330 1945 3389 ep.
1990 3329 2208 3371 coram
2248 3330 2421 3390 papa
2461 3312 2563 3373 vel
2591 3313 2731 3375 eius

255 3410 568 3489 delegato
607 3412 672 3467 et
716 3406 802 3467 ed
841 3404 1182 3467 dicendum
1227 3406 1662 3479 laudamenta‚
1705 3409 1758 3467 si
1799 3409 1895 3468 ite
1935 3406 2063 3469 dici
2087 3414 2379 3485 possunt,
2410 3428 2523 3470 seu
2551 3410 2727 3471 dicte

257 3531 302 3571 a.
349 3507 686 3587 (Martino)
727 3524 830 3583 ep.
874 3510 940 3565 et
979 3504 1425 3582 C(ortesonno)
1483 3507 1806 3585 preposito
1857 3507 2035 3569 Aret.
2132 3507 2276 3567 Act.
2321 3507 2499 3569 Vult.
2542 3510 2727 3570 iuxta

254 3608 420 3669 eccl.
451 3608 778 3667 maiorem.
845 3602 1121 3664 Strenue
1143 3602 1504 3665 Burasselli.
1536 3605 1939 3666 Bonaccorso
1966 3607 2288 3667 Amorose.
2323 3606 2729 3668 Bonaccorso
2836 3630 2857 3645 ⁴

256 3708 472 3767 Anne.
515 3704 956 3763 Ammanneto
995 3702 1296 3779 panaiolo
1339 3708 1420 3763 tt.
1507 3702 1928 3778 MCCXVIII,
1973 3704 2103 3764 ind.
2136 3704 2285 3779 VII,
2320 3705 2377 3766 V
2402 3706 2492 3766 id.
2536 3712 2727 3767 mart.

253 3801 614 3866 Donzellus
655 3804 811 3879 imp.
853 3800 998 3860 aule
1037 3800 1232 3861 iudex
1273 3800 1408 3861 ord.
1453 3807 1520 3861 et
1558 3807 1696 3861 not.

589 3898 856 3959 Florem
883 3896 1038 3957 Ast.
1073 3897 1262 3973 (Vozt.
1293 3899 1456 3960 1218
1481 3899 1605 3959 III
1629 3899 1730 3971 11,
1761 3918 1824 3959 n.
1855 3900 2001 3977 174)
2030 3898 2203 3977 Θήρ.

257 4072 410 4136 371.
2051 4068 2230 4143 Rom,
2260 4070 2299 4129 2
2332 4068 2518 4147 April
2544 4069 2731 4137 1219.

391 4164 812 4228 Honorius
867 4162 1000 4223 III
1047 4164 1291 4240 (vitali)
1337 4164 1636 4245 archiep,
1683 4164 1957 4227 Soffrido
2001 4166 2253 4239 Pis-ann,
2284 4164 2725 4244 Ild(ebrando)

255 4266 450 4329 Vult.
493 4262 840 4324 canonicis.
936 4260 1186 4322 Barone
1241 4262 1321 4321 de
1376 4262 1711 4342 Symeone‚
1771 4264 2143 4343 Ari-igetius,
2203 4263 2501 4325 Placidus
2554 4267 2727 4327 cives

255 4364 448 4428 Vult.
494 4360 824 4441 conquesti
869 4366 1041 4433 sunt,
1086 4362 1279 4439 quod,
1324 4381 1472 4423 cum
1526 4362 2071 4438 A(1debrandinus
2114 4363 2370 4440 Romei)
2420 4363 2574 4423 olim
2612 4360 2727 4441 po·

255 4466 476 4525 testas
513 4458 775 4521 nomine
817 4456 1106 4517 comunis
1153 4456 1328 4519 Vult.
1373 4460 1463 4519 eis
1504 4461 1832 4538 quandam
1889 4477 2211 4520 summam
2263 4459 2549 4538 pecunie,
2595 4460 2729 4521 fru-

257 4564 587 4629 mentum,
636 4574 738 4615 res
792 4554 950 4614 alias
991 4552 1348 4629 abstulerit,
1393 4556 1677 4637 dampna
1732 4558 1856 4619 alia
1913 4556 2263 4631 inferendO,
2319 4577 2437 4637 pro
2495 4557 2729 4637 quibus

415 4698 460 4759 ¹)
497 4692 658 4745 Sida
692 4689 924 4743 doruber-
959 4690 1132 4741 Binda·
1164 4692 1349 4743 θεονόα
1383 4693 1446 4743 ἀι·
1478 4693 1628 4745 Colle
1665 4696 1734 4745 19
1769 4694 1813 4755 Ι.
1881 4694 2029 4745 Dim:
2049 4694 2107 4745 11
2130 4692 2343 4745 oaeoeuo
2376 4690 2456 4745 ἅθ’
2480 4694 2729 4746 franchi

259 4806 288 4839 e
325 4783 558 4838 ammei
591 4781 657 4833 in
691 4778 838 4831 Oouo
883 4778 1136 4831 Valddea
1171 4780 1262 4833 in:
1297 4782 1461 4833 Mino.
1498 4788 1624 4833 otor.
1673 4782 1922 4833 Valdelea
1966 4782 2120 4834 VIII
2158 4783 2415 4835 206-213.
