3817 5642
971 577 1410 631 REGESTUM
1449 577 2137 633 VOLATERRANUM
2714 583 2785 633 65

329 778 467 838 186.
639 745 651 757 ’
1932 773 2226 849 cartaceo,
2270 775 2353 835 30
2390 774 2559 836 Jum·
2601 777 2781 837 1158.

447 872 806 937 Balduinus
849 874 1041 934 iudex
1084 874 1218 935 ord.
1263 874 1502 935 electus
1545 896 1586 935 a
1625 875 1675 936 G
1698 874 1772 936 al
1785 896 1826 955 g
1843 896 1993 937 ano
2025 873 2199 937 Vult.
2231 894 2331 955 ep.
2363 882 2431 935 et
2472 897 2513 937 a
2550 877 2784 937 comite

328 971 703 1033 Pannockia
741 970 934 1033 laudo
975 990 1180 1050 super-
1207 974 1647 1034 controversia
1684 972 1764 1032 de
1808 972 2112 1045 Tebaldo,
2160 991 2351 1051 quem
2396 994 2607 1035 comes
2662 974 2786 1035 sibi

325 1088 654 1131 remanere
694 1070 925 1130 debere
967 1069 1315 1150 dixit‚quia
1353 1089 1544 1149 super
1583 1070 1980 1149 proprietate
2022 1090 2072 1132 s.
2118 1073 2294 1133 Petri
2344 1073 2425 1134 de
2469 1074 2783 1135 Montevi·

327 1166 453 1227 ridi
495 1167 820 1228 habitavit
861 1167 1000 1228 loco
1041 1168 1154 1244 qui
1208 1167 1331 1227 dic.
1377 1168 1773 1229 Fontebona.
1836 1168 1995 1228 Pars
2048 1169 2337 1248 episcopi
2374 1170 2559 1244 dixit,
2607 1172 2785 1250 quod

327 1263 710 1325 Fontebona
749 1283 883 1324 non
921 1272 1088 1324 esset
1131 1264 1212 1324 de
1254 1264 1710 1339 Monteviride;
1753 1262 1840 1325 ob
1882 1264 1951 1324 id
1981 1285 2021 1326 a
2046 1264 2341 1327 Guidone
2369 1266 2477 1347 qd.
2511 1269 2782 1341 Ranicii,

325 1359 708 1441 Lampretto
751 1362 858 1439 qd.
903 1360 1138 1434 Truffe,
1185 1364 1405 1423 Riccio
1431 1362 1540 1439 qd.
1569 1360 1803 1433 Teutii,
1834 1361 2138 1425 Monaldo
2169 1364 2276 1431 od.
2310 1365 2623 1427 Bernardi
2646 1386 2783 1445 pre-

326 1466 588 1538 ceptum
631 1466 750 1531 est,
782 1466 877 1532 ut,
907 1459 963 1519 si
989 1478 1201 1520 comes
1228 1478 1344 1537 per
1369 1460 1874 1521 instrumentum
1903 1479 1984 1520 ex
2014 1461 2240 1522 iudicis
2270 1465 2594 1524 sententia
2620 1464 2783 1543 opti-

327 1557 540 1617 nuerit
582 1576 718 1617 esse
759 1564 836 1616 ut
876 1556 1175 1627 intendit,
1219 1556 1342 1617 sibi
1381 1556 1706 1618 Tebaldus
1746 1564 2099 1631 remaneat,
2144 1559 2199 1617 si
2239 1578 2389 1631 non,
2437 1561 2613 1639 apud
2655 1562 2784 1640 epi·

325 1672 610 1733 scopum.
641 1656 866 1717 Comes
896 1654 1120 1716 attulit
1147 1657 1672 1727 instrumentum,
1715 1674 1846 1735 quo
1879 1656 2250 1717 continetur
2286 1656 2645 1719 Gnidonem
2676 1659 2782 1737 qd.

327 1751 653 1813 Guilielmi
690 1771 908 1813 casam
948 1752 1256 1830 recepisse
1285 1750 1368 1813 ab
1399 1751 1636 1813 abbate
1664 1753 1744 1813 de
1773 1753 2220 1825 Monteviride,
2242 1762 2488 1816 rectam
2524 1774 2637 1833 per
2664 1756 2783 1817 Ur-

323 1870 472 1911 sum
513 1856 581 1911 et
618 1850 996 1921 Iohannem,
1044 1850 1385 1930 aliamque,
1427 1857 1670 1911 rectam
1715 1870 1828 1929 per
1867 1850 2231 1928 Alpertum,
2272 1857 2340 1912 et
2384 1852 2579 1927 aliud,
2608 1854 2787 1932 quod

326 1948 502 2008 dicte
542 1947 690 2009 eccl.
735 1950 865 2008 sint
907 1953 1036 2007 tres
1079 1966 1222 2007 case
1263 1948 1332 2007 in
1372 1946 1512 2009 loco
1558 1946 1777 2020 Tasso,
1837 1954 2010 2007 recte
2064 1966 2179 2026 per
2229 1946 2610 2022 Iohannem,
2670 1951 2785 2012 Pe-

327 2053 502 2106 trum
546 2046 661 2123 qui
704 2044 988 2106 Bonitho
1030 2063 1188 2115 voc„
1233 2044 1642 2105 Baroneium.
1678 2042 2059 2117 BalduinuS,
2086 2045 2243 2123 quia
2267 2045 2483 2108 inveni
2520 2066 2783 2108 uxorem

327 2142 614 2215 Tebaldi,
657 2160 773 2220 per
812 2161 1008 2220 quam
1051 2142 1104 2201 is
1130 2142 1395 2220 petitur,
1426 2161 1506 2202 ex
1537 2141 1660 2203 alia
1687 2140 2063 2221 genealogia
2088 2160 2241 2216 esse,
2272 2150 2359 2215 et,
2389 2143 2546 2221 quia
2570 2163 2649 2203 ex
2692 2146 2786 2204 in-

325 2241 706 2301 strumentis
747 2258 878 2300 non
905 2239 1108 2320 liquet
1137 2238 1649 2301 Fontembonam
1679 2241 1759 2300 de
1787 2239 2183 2317 proprietate
2210 2259 2259 2300 s·
2292 2241 2467 2303 Petri
2498 2242 2578 2301 de
2608 2244 2785 2303 Mon·

325 2336 584 2398 teviridi
627 2356 782 2408 esse,
825 2335 1005 2397 solvo
1047 2336 1408 2415 Galganum
1453 2335 1533 2398 ab
1574 2336 1933 2397 intentione
1975 2337 2359 2411 Pannockie,
2406 2358 2537 2419 qua
2559 2339 2785 2402 Tebal-

325 2437 484 2495 dum
527 2435 715 2513 petit,
761 2442 827 2495 et
868 2455 1001 2496 non
1039 2435 1181 2495 dico
1225 2433 1735 2496 Fontembonam
1779 2454 1831 2494 s·
1877 2436 2053 2496 Petri
2079 2435 2161 2497 de
2188 2436 2599 2497 Monteviridi
2627 2457 2785 2511 esse,

328 2534 486 2613 quia
523 2534 832 2594 terminos
873 2535 1044 2593 inter
1083 2532 1257 2594 illam
1319 2540 1387 2592 et
1444 2533 1866 2593 Baroncinam
1926 2550 2007 2593 ex
2060 2532 2340 2611 plurium
2396 2534 2585 2594 dictis
2630 2536 2784 2596 vidi.

327 2633 509 2693 Data
547 2629 717 2691 infra
755 2631 905 2692 eccl.
935 2651 986 2691 S.
1017 2631 1368 2694 salvatoris
1408 2632 1478 2691 in
1518 2628 1778 2690 castello
1808 2629 2123 2691 GerfalcO.
2190 2632 2549 2704 MOLVIII,
2581 2634 2787 2710 pridie

321 2728 456 2789 kal.
487 2728 621 2800 iul„
651 2727 783 2787 ind.
815 2727 927 2801 VI,
957 2730 1024 2788 in
1046 2728 1364 2789 territorio
1397 2727 1572 2789 Vult.
1602 2726 2033 2805 episcopatuo.
2116 2727 2563 2790 Interfuerunt
2591 2729 2787 2809 Hugo

325 2824 504 2885 Vult.
551 2824 692 2885 can.
739 2832 804 2885 et
833 2824 1258 2887 Ildebrandus
1285 2822 1486 2901 plebis
1517 2824 1596 2884 de
1624 2825 1830 2885 Lama
1857 2823 2174 2903 plebanus
2203 2843 2350 2887 cum
2382 2823 2785 2905 LamprettO,

319 2920 650 2992 MonaldO,
698 2921 856 2981 aliis
945 2919 1298 2983 Balduinus
1337 2940 1386 2980 s,
1430 2920 1558 2998 pal.
1603 2921 1745 2981 Lat.
1790 2920 1986 2981 iudex
2026 2928 2096 2981 et
2139 2920 2545 3001 imperatorie
2582 2922 2785 3003 digni-

321 3020 486 3080 tatis
527 3020 759 3079 missus
804 3026 998 3096 atque
1039 3020 1232 3079 iudex
1275 3019 1412 3079 ord.
1457 3020 1783 3079 confirmo,

2332 3213 2373 3274 6
2411 3212 2558 3275 Juli
2602 3216 2782 3278 1158.

453 3314 620 3387 Quia
658 3312 889 3385 Gnido,
933 3312 1373 3393 LamprettuS,
1419 3312 1692 3384 RicciuS,
1726 3311 2069 3373 Monaldus
2098 3312 2301 3391 pridie
2332 3332 2479 3373 non.
2510 3313 2619 3373 iul.
2653 3315 2789 3375 fieri

319 3412 394 3472 id
435 3419 880 3490 preceperunt,
927 3409 1282 3472 Balduinus
1325 3412 1404 3471 de
1446 3410 1881 3471 controversia
1942 3410 2110 3470 Inter
2167 3409 2619 3489 Galganum
2683 3430 2783 3490 ep.

319 3509 508 3571 Vult.
539 3517 604 3569 et·
638 3509 1077 3570 Pannockiam
1121 3508 1200 3569 de
1241 3516 1423 3569 curte
1465 3508 1542 3571 de
1580 3505 1874 3568 Ger-falco
1915 3514 1983 3567 et
2024 3512 2206 3569 curte
2247 3508 2327 3567 de
2370 3508 2643 3570 Travale
2670 3508 2787 3569 hec

319 3628 366 3666 a
408 3605 704 3685 partibus
747 3606 1030 3668 audivit:
1076 3624 1287 3667 comes
1329 3606 1497 3667 dixit
1538 3605 1620 3664 de
1661 3612 1841 3666 curte
1886 3606 1965 3665 de
2018 3604 2291 3665 Travale
2348 3612 2414 3666 et
2470 3614 2651 3668 curte
2706 3608 2787 3667 de

317 3704 544 3766 Fosini
585 3722 722 3764 esse
765 3711 1092 3765 ostensum
1137 3724 1247 3783 per
1287 3710 1533 3765 curtem
1578 3704 1658 3763 de
1688 3701 2001 3776 Gerfalco;
2032 3721 2183 3779 pars
2212 3722 2310 3781 ep.
2342 3702 2509 3764 dixit
2538 3704 2626 3763 sic
2658 3724 2788 3766 non

316 3820 487 3873 esse,
515 3802 672 3878 quia
698 3800 1066 3862 Pannockia
1109 3802 1262 3861 fines
1306 3800 1583 3863 Gerfalci
1622 3801 2071 3862 nominaverat
2098 3806 2165 3861 et
2195 3800 2289 3861 VI
2319 3800 2471 3861 boni
2500 3803 2789 3863 homines

316 3906 574 3959 curtem
619 3897 894 3959 Gerfalci
933 3896 1074 3957 aliis
1116 3898 1186 3958 II
1231 3899 1550 3959 adiunctis
1593 3897 1971 3958 diviserunt.
2020 3896 2174 3956 Pars
2217 3898 2469 3957 comitis
2514 3898 2679 3959 dixit
2722 3918 2789 3959 se

317 4002 396 4056 et
436 3994 750 4057 iuratores
790 4014 1031 4056 errasse
1071 4002 1138 4055 et
1181 3994 1323 4073 plus
1365 3996 1672 4056 divisisse.
1733 3994 1969 4067 Guido,
2027 3994 2465 4072 Lamprettus,
2511 3996 2785 4069 RicciuS,

318 4092 670 4156 Monaldus
711 4092 1032 4162 dixerunt,
1082 4100 1154 4154 ut
1197 4112 1407 4153 comes
1453 4094 1537 4153 ad
1578 4092 1747 4153 diem
1790 4092 1860 4152 ΙΙ
1904 4111 2055 4153 non.
2101 4091 2211 4151 iul.
2258 4092 2347 4153 VI
2380 4091 2581 4154 bonos
2610 4100 2675 4155 et
2705 4091 2787 4154 le-

317 4188 503 4270 gales
545 4189 834 4249 homines
876 4191 955 4251 de
999 4189 1268 4251 Travale
1296 4195 1361 4250 et
1390 4188 1482 4250 VI
1526 4189 1606 4250 de
1636 4188 1846 4250 Fosini
1879 4189 2085 4260 daret,
2121 4190 2229 4267 qui
2260 4189 2313 4247 si
2355 4191 2787 4261 ostenderent,

316 4288 512 4347 cuius
552 4288 752 4348 curtis
795 4287 1070 4349 Gerfalci
1111 4288 1216 4360 sit,
1262 4288 1396 4347 eius
1437 4294 1806 4360 remaneat;
1849 4286 1903 4345 si
1946 4305 2079 4346 non
2123 4287 2541 4361 ostenderint,
2586 4300 2789 4347 rema-

321 4391 504 4455 neat,
546 4385 716 4445 sicut
758 4404 870 4463 per
912 4386 1150 4462 primos
1192 4385 1507 4445 iuratores
1550 4390 1809 4444 ostensa
1851 4392 1970 4467 est.

450 4478 839 4541 Berardinus
884 4481 990 4559 qd.
1037 4481 1306 4543 Tebaldi
1344 4482 1422 4542 de
1467 4479 1736 4542 Travale
1778 4480 1937 4541 dicit
1978 4500 2132 4553 esse,
2170 4481 2337 4541 sicut
2394 4482 2785 4544 territorium

319 4580 567 4640 mascie
607 4578 687 4639 de
730 4579 1120 4656 castagneto
1163 4586 1361 4652 tenet,
1405 4578 1582 4657 quod
1621 4576 1852 4637 habuit
1894 4576 2186 4637 Andreas
2244 4578 2480 4639 Starna
2519 4586 2788 4640 vocatus

319 4675 390 4736 N
394 4694 652 4755 apparo
695 4676 776 4736 de
815 4677 1060 4737 mascia
1097 4679 1482 4739 Montanina
1520 4676 1698 4746 dicit,
1741 4675 1918 4751 quod
1959 4682 2057 4734 est
2101 4675 2180 4789 de
2220 4674 2511 4748 Travale,
2551 4675 2789 4737 scilicet

319 4774 506 4853 quod
547 4774 867 4835 Martinus
909 4773 1219 4856 Cavalieri
1261 4774 1490 4835 tenuit.

547 4930 580 4975 5
