3817 5642
1035 532 1106 585 64
1685 532 2127 587 REGESTUM
2168 534 2857 589 VOLATERRANUM

1033 724 1344 787 divisione
1385 725 1632 789 castelli
1673 728 1949 791 Gerfaloi
1988 736 2055 791 et
2098 728 2177 789 de
2220 730 2651 811 acquisitione
2694 738 2924 794 contra
2976 740 3175 812 pacta
3210 732 3381 795 inita
3418 734 3505 813 de

1031 830 1212 884 curte
1255 824 1624 887 Tramontis
1649 833 1716 887 et
1758 828 1943 889 'Pessi
1980 846 2061 888 ex
2102 826 2415 889 mandato
2450 825 2743 903 (Adriani
2772 829 2891 903 IV)
2926 850 3095 909 pape
3123 830 3207 893 ‘ad
3238 830 3501 891 audien·

1033 923 1193 983 tiam
1239 922 1414 984 Petri
1441 924 1485 999 ι)
1525 942 1625 1003 ep.
1673 924 2043 985 Grossetani
2088 922 2417 1003 perducta,
2448 925 2549 987 hic
2576 943 2711 986 rem
2738 926 2927 987 nobis
2956 926 3239 989 Guidoni
3276 928 3505 987 comiti

1037 1018 1144 1099 qd.
1171 1017 1482 1082 Ranuccii
1500 1020 1842 1097 comitis2),
1875 1022 2253 1101 Lampretto
2286 1021 2391 1101 qd.
2418 1022 2653 1093 Truffo,
2684 1021 2901 1085 Riccio
2944 1024 3052 1102 qd.
3078 1023 3333 1097 Teuthi,
3366 1025 3501 1085 Mo-

1033 1113 1228 1177 naldo
1253 1116 1364 1193 qd.
1385 1118 1696 1179 Bernardi
1719 1118 2065 1187 commisit,
2096 1117 2209 1197 qui
2237 1118 2608 1193 diffinimus,
2636 1125 2711 1179 ut
2736 1139 2837 1199 ep.
2854 1120 3097 1182 habeat
3128 1118 3499 1181 Rolandum

1033 1214 1114 1275 de
1157 1216 1356 1277 Lame
1395 1215 1502 1293 qd.
1549 1214 1834 1289 Gkisolfi,
1883 1215 2224 1278 Rusticum
2266 1237 2369 1297 gg.
2414 1216 2570 1289 eius,
2628 1214 3033 1296 Spornellum
3088 1216 3197 1295 qd.
3254 1216 3497 1287 Ursilii,

1032 1313 1394 1375 Gnidonem
1433 1320 1502 1375 et
1542 1315 2019 1393 Paganuccium
2060 1334 2159 1394 gg.
2190 1335 2361 1387 suos,
2393 1317 2657 1377 Petrum
2688 1322 2757 1376 et
2790 1316 3151 1377 Peruthum
3178 1314 3503 1377 Bicackca

1031 1410 1076 1471 f.
1121 1408 1372 1471 Andree
1413 1430 1562 1472 cum
1602 1419 1806 1491 patre,
1851 1411 2208 1473 Iohannem
2256 1411 2569 1484 PanathO,
2616 1410 2976 1491 Henrigum
3020 1412 3101 1473 de
3135 1412 3501 1491 Casamagii

1032 1507 1140 1584 qd.
1187 1508 1454 1569 Gerardi
1491 1508 1824 1588 Napparii‚
1872 1508 2223 1569 Peruthum
2268 1509 2375 1586 qd.
2420 1508 2893 1579 Albertinaccii,
2940 1508 3287 1583 Herithum
3315 1508 3405 1569 da
3429 1506 3499 1569 la

1030 1606 1196 1667 Casa
1233 1605 1340 1683 qd.
1386 1605 1612 1685 Pugki,
1652 1605 2087 1667 Adamucium
2128 1606 2219 1667 da
2260 1606 2511 1667 Buiano
2552 1606 2661 1683 qd.
2694 1606 2962 1677 Stefani,
2996 1604 3281 1667 Beckum
3314 1607 3403 1667 da
3426 1604 3499 1667 la

1031 1703 1304 1765 Fabrica
1342 1704 1450 1780 qd.
1497 1703 1784 1777 Discalsi,
1814 1703 2221 1765 Albertinum
2265 1704 2345 1764 de
2386 1703 2753 1767 Vallecckia
2778 1703 2887 1782 qd.
2932 1704 3345 1777 Albertuccii,
3385 1704 3489 1764 Io-

1029 1799 1310 1862 hannem
1351 1807 1418 1863 et
1460 1803 1722 1863 Petrum
1767 1800 1873 1879 qd.
1920 1801 2185 1872 Marchi,
2230 1800 2643 1863 Guilielmum
2686 1801 2767 1861 de
2808 1800 2875 1861 la
2912 1799 3187 1863 Fabrica
3226 1802 3336 1879 qd.
3382 1799 3491 1861 Al-

1031 1898 1284 1971 hortuli,
1329 1899 1698 1960 Anselmum
1743 1906 1810 1959 et
1850 1900 2208 1962 Iohannem
2266 1905 2332 1960 et
2386 1899 2711 1961 Andream
2768 1899 2877 1977 qd.
2937 1898 3223 1971 Gerardi,
3268 1898 3491 1961 Marti·

1031 1994 1268 2057 nellum
1310 2003 1379 2057 et
1418 1996 1741 2059 Andream
1785 1996 1892 2075 qd.
1942 1996 2370 2070 Pedronaccii,
2412 1997 2825 2059 Ambrosium
2878 1994 2987 2075 qd.
3032 1995 3303 2057 Africini
3341 2016 3491 2057 cum

1031 2091 1194 2165 filiis,
1239 2092 1656 2155 Rodulfinum
1701 2094 1806 2172 qd.
1853 2092 2213 2155 Iohannelli
2251 2095 2339 2155 da
2378 2094 2558 2155 Muta
2604 2094 2646 2153 f.
2693 2113 2903 2167 suum,
2949 2091 3322 2155 Rolandum
3377 2094 3488 2172 qd.

1033 2189 1452 2263 Gkisalberti;
1497 2188 1706 2251 solvat
1737 2189 2103 2251 Pannockie
2134 2190 2325 2251 XXV
2354 2189 2462 2250 lib.
2495 2191 2641 2252 den.
2678 2190 2798 2251 Pis.
2834 2189 2935 2252 vel
2970 2191 3122 2251 Luc.
3154 2197 3220 2250 et
3249 2188 3491 2251 refutet

1031 2287 1110 2347 de
1155 2288 1572 2365 acquisitione
1613 2287 1792 2349 facta
1831 2288 1913 2348 de
1952 2290 2141 2349 rebus
2198 2288 2471 2349 filiorum
2530 2289 2637 2367 qd.
2684 2287 2874 2349 Pierli
2932 2294 2999 2349 et
3056 2286 3331 2349 filiorum
3380 2288 3492 2363 qd.

1029 2384 1272 2447 Imelde
1315 2386 1382 2446 in
1421 2386 1709 2447 curtibus
1750 2386 1828 2447 de
1873 2384 2186 2459 GerfalcO,
2242 2385 2461 2459 TassO,
2517 2386 2890 2477 Tramonte.
3002 2384 3367 2447 Gerfalcum
3424 2392 3495 2445 et

1031 2482 1300 2543 'Passum
1341 2490 1553 2560 preter
1591 2484 1985 2564 emptionem
2028 2482 2369 2547 Crescentii
2411 2504 2509 2563 ep.
2558 2504 2599 2545 a
2637 2482 3011 2544 Pannockia
3048 2481 3293 2543 factam
3320 2482 3366 2560 ⁸)
3396 2482 3492 2541 di·

903 2640 910 2646 .
1030 2579 1356 2653 vitiantur,
1386 2586 1452 2640 et
1483 2586 1610 2641 tres
1639 2586 1853 2660 partos
1881 2600 1998 2659 pro
2027 2580 2295 2641 dimidia
2320 2588 2505 2659 parte
2534 2600 2747 2641 comes
2776 2578 3033 2653 habeat,
3064 2586 3129 2641 et
3166 2578 3490 2641 Curradus

1028 2698 1240 2739 comes
1279 2678 1364 2738 sit
1407 2678 1608 2739 fidelis
1649 2680 1936 2756 utrisque
1977 2680 2237 2755 eiusque
2268 2678 2601 2739 servitium
2633 2676 2823 2739 ambo
2854 2676 3157 2742 habeant.
3242 2677 3341 2738 De
3370 2676 3487 2737 Te-

1029 2772 1222 2839 baldo
1262 2775 1554 2845 dicimus,
1599 2782 1693 2849 ut,
1737 2776 1792 2837 si
1830 2774 2206 2837 Pannockia
2244 2774 2413 2835 infra
2456 2772 2575 2837 XV
2626 2774 2760 2836 dies
2814 2795 2928 2855 per
2982 2774 3485 2836 instrumentum

1027 2872 1378 2935 obtinuerit
1419 2874 1886 2937 habitationem
1928 2874 2198 2936 Tebaldi
2224 2875 2305 2935 de
2332 2873 2386 2933 F
2388 2874 2715 2936 ontebona
2738 2894 2873 2939 esse
2902 2894 2949 2933 s,
2981 2874 3159 2935 Petri
3194 2874 3277 2935 (16
3306 2876 3486 2937 Mon-

1028 2972 1306 3044 teverde,
1328 2973 1500 3051 apud
1527 2973 1827 3033 comitem
1857 2979 2205 3046 remaneat;
2238 2973 2290 3033 si
2322 2994 2469 3045 non,
2490 2973 2664 3051 apud
2690 2992 2789 3052 ep.
2871 2970 3195 3053 Galganus
3214 2970 3483 3031 Petrum

1030 3066 1136 3148 qd.
1184 3068 1504 3131 Guinoiuli
1545 3069 1836 3149 pecoraio
1879 3070 2117 3130 refutet
2170 3078 2237 3131 et
2294 3090 2503 3131 comes
2560 3070 2963 3149 Storpionem
3025 3068 3131 3147 qd.
3192 3068 3483 3149 magistri

1025 3164 1344 3227 Albertini
1399 3166 1568 3247 plebi
1615 3168 1694 3227 de
1737 3166 1959 3229 Lama.
2012 3168 2148 3228 Heo
2203 3168 2487 3229 diximus
2539 3166 2927 3239 Pannockie,
2977 3172 3052 3226 ut
3106 3164 3305 3229 faciat
3360 3164 3488 3225 sub

1025 3266 1160 3326 iure
1201 3266 1493 3338 iurand0,
1524 3266 1698 3344 quod
1737 3264 1891 3325 fecit
1932 3286 2147 3327 coram
2192 3267 2579 3327 Grossetano
2622 3286 2720 3345 ep.
2767 3266 2835 3327 in
2872 3262 3137 3326 castello
3165 3263 3383 3335 Prata,
3415 3272 3483 3323 et

1027 3362 1312 3442 Galgano
1356 3364 1792 3435 iniunxerunt‚
1821 3368 1898 3423 ut
1926 3362 2047 3421 sub
2089 3364 2493 3433 investitura,
2531 3381 2727 3440 quam
2756 3382 2857 3441 ep.
2891 3362 3279 3423 Grossetano
3306 3360 3480 3433 fecit,
3532 3376 3539 3383 ·

1023 3459 1339 3522 observet.
1425 3460 1566 3521 Act.
1614 3460 2007 3523 MCLVIIII.
2057 3461 2117 3520 X
2162 3459 2288 3521 kal.
2331 3461 2487 3531 iun„
2535 3460 2665 3521 ind.
2708 3460 2839 3521 VII
2868 3460 2915 3533 ⁴)
2972 3458 3152 3537 apud
3191 3458 3477 3527 Pisano&

1022 3564 1090 3618 ot
1131 3558 1309 3637 apud
1349 3557 1764 3620 Vulterranos
1805 3559 1934 3618 ind.
1982 3560 2094 3629 VI,
2138 3558 2205 3617 in
2244 3556 2505 3619 castello
2547 3555 2785 3619 scilicet
2830 3554 3107 3619 Gerfalci
3134 3556 3300 3618 infra
3326 3554 3477 3616 eccl.

1021 3675 1071 3715 s.
1110 3655 1461 3718 salvatoris
1501 3662 1568 3717 et
1597 3676 1645 3714 s.
1681 3654 1894 3727 Blasii,
1928 3655 2286 3718 MCLVIII.
2372 3655 2583 3716 Guido
2613 3656 3027 3735 Lamprettus
3060 3652 3317 3714 Riccius
3346 3654 3477 3715 Mo·

1022 3752 1252 3815 ualdus
1293 3754 1362 3815 in
1400 3754 1659 3816 castello
1703 3753 1979 3817 Gerfalci
2020 3755 2155 3815 fieri
2194 3752 2511 3815 cartulam
2550 3759 2945 3833 rogaverunt
3002 3751 3174 3813 intra
3210 3751 3477 3813 domum

1021 3851 1246 3931 prioris
1274 3852 1353 3912 de
1384 3852 1715 3923 Monterio.
1814 3852 2129 3912 Guidotto
2157 3852 2264 3929 qd.
2298 3850 2577 3930 Ugolini.
2608 3848 2973 3911 Curradello
3000 3848 3081 3908 de
3110 3849 3477 3909 Montecuc-

1019 3947 1213 4011 ckari.
1257 3948 1713 4011 Ildebrandino
1755 3948 1842 4011 da
1881 3950 2207 4028 Cugnano.
2270 3947 2579 4025 Malpillio
2636 3946 2743 4024 qd.
2790 3945 3071 4024 Ugolini.
3121 3944 3475 4007 Broccardo

1021 4046 1128 4123 qd.
1172 4045 1456 4107 Arnoldi.
1501 4045 1901 4126 Toringkello
1944 4047 2053 4124 qd.
2098 4045 2399 4124 Gregorii.
2446 4044 2731 4107 Gerardo
2759 4043 2866 4122 qd.
2898 4042 3121 4107 Falcki
3163 4047 3242 4103 tt.
3327 4040 3477 4103 Bal-

1020 4144 1256 4205 duinus
1311 4144 1454 4205 Lat.
1513 4143 1641 4223 pal.
1700 4144 1894 4204 iudex
1950 4152 2015 4205 et
2072 4152 2207 4204 not.
2266 4150 2333 4203 et
2390 4144 2542 4219 imp.
2602 4142 2936 4221 dignitatis
2994 4140 3223 4201 missus
3280 4145 3474 4217 atque

1020 4240 1212 4303 Index
1255 4241 1500 4399 ortis-'olm
1528 4337 1763 4400 AVesc.
1793 4359 1843 4400 ε.
1873 4338 2022 4399 XII
2052 4340 2173 4399 elec.
2206 4339 2245 4399 6
2267 4359 2327 4397 η.
2353 4339 2433 4399 17
2458 4338 2631 4415 oriq.
2662 4336 2845 4397 Liber
2876 4336 3117 4399 iuriam
3140 4334 3243 4396 13.
3272 4334 3353 4397 16
3370 4335 3475 4395 cit.

1165 4564 1204 4627 ¹)
1243 4564 1458 4625 Epoche
1495 4563 1814 4623 unbekannt,
1849 4564 1977 4624 feh't
2014 4562 2096 4613 bei
2132 4561 2315 4611 Gams.
2443 4562 2485 4626 ²)
2526 4560 2917 4623 Ardenohcsca.
3030 4556 3075 4622 ⁸)
3102 4558 3248 4609 Oben
3270 4572 3324 4607 n.
3353 4558 3477 4608 164.

1021 4652 1064 4715 ⁴)
1099 4652 1306 4703 Ira-tum
1349 4653 1440 4703 des
1497 4654 1826 4703 Voltcrraner
1871 4652 2090 4708 Νοιανε,
2138 4652 2230 4701 der
2276 4666 2395 4700 vom
2442 4651 2678 4699 calculus
2726 4648 2970 4701 Pisanus
3016 4647 3170 4697 hcine
3217 4646 3481 4697 dena-'ohe

1024 4744 1293 4795 Kenntnis
1328 4742 1480 4793 kaus.
