3817 5642
1075 534 1184 585 256
1726 528 2165 585 REGESTUM
2206 526 2365 581 VOL
2373 526 2761 581 ATERRAN
2770 526 2889 579 ΠΜ

3081 620 3212 627 —-—--—

1075 734 1398 807 potestate
1439 727 1638 797 Vult„
1681 726 1860 806 quod
1899 725 2005 787 die
2046 726 2208 785 iovis
2249 730 2715 803 representaret
2756 724 3021 785 Iuntam
3062 722 3415 803 plebanum
3456 725 3545 784 de

1072 824 1474 905 Lustignano
1513 843 1728 884 coram
1773 822 2119 883 Alberto
2160 840 2259 901 ep.
2304 822 2483 885 Vult.
2528 821 2631 881 vel
2669 822 2807 881 eius
2850 822 3087 883 vicario
3110 822 3180 883 in
3206 829 3427 883 castro
3456 822 3543 881 de

1071 921 1336 993 casulis,
1377 926 1446 982 et
1488 918 1576 981 ibi
1618 938 1716 997 ep.
1761 926 1828 980 et
1871 920 2149 981 vicarius
2188 938 2321 981 non
2358 924 2573 981 essent
2614 938 2728 979 nec
2772 922 2957 979 sciret
3000 917 3230 992 locum,
3274 920 3341 980 in
3402 938 3545 999 quo

1073 1028 1286 1079 essent
1325 1036 1442 1079 nec
1481 1017 1606 1079 sibi
1645 1016 1844 1079 fuerit
1877 1018 1963 1077 ab
1993 1014 2209 1095 aliquo
2236 1017 2615 1096 assignatus
2648 1017 2868 1077 volens
2896 1022 3268 1095 preceptum
3294 1018 3547 1094 exequi

1071 1117 1539 1195 representavit
1579 1134 1728 1177 eum
1765 1114 1840 1175 in
1879 1114 2161 1177 claustro
2203 1112 2405 1191 plebis
2444 1114 2527 1175 de
2566 1114 2813 1175 casulis
2854 1133 3067 1175 coram
3124 1114 3543 1175 Bencivenne

1073 1213 1348 1293 plebano
1389 1214 1470 1273 de
1511 1213 1919 1293 Villamagna
1958 1212 2259 1273 familiari
2298 1212 2564 1279 Alberti,
2610 1212 2785 1291 apud
2812 1231 3009 1290 quam
3038 1212 3285 1291 plebem
3328 1230 3436 1291 ep.
3472 1220 3542 1270 et

1073 1312 1366 1381 vicarius⁹
1411 1332 1556 1373 cum
1599 1319 1754 1371 sunt
1795 1312 1864 1371 in
1905 1318 2123 1371 castro
2161 1311 2243 1372 de
2284 1308 2548 1381 emulis,
2604 1317 3071 1371 consueverant
3126 1311 3539 1373 commorari.

1073 1408 1280 1470 Facta
1318 1409 1783 1487 representatio
1835 1426 2053 1467 coram
2110 1406 2399 1485 Galgano
2452 1426 2593 1469 can.
2652 1406 2877 1485 plebis
2937 1407 3231 1469 Marcello
3280 1414 3543 1467 rectore

1073 1504 1224 1566 eccl.
1267 1505 1348 1566 de
1389 1506 1702 1566 Coronna.
1751 1506 1968 1565 Presb.
2015 1504 2293 1566 Ricardo
2334 1512 2403 1565 et
2444 1505 2711 1566 Cambio
2766 1504 3095 1584 Pegolocti
3146 1504 3227 1564 de
3280 1504 3541 1565 casulis

1075 1610 1154 1663 tt.
1193 1604 1257 1663 in
1300 1604 1597 1663 claustro,
1681 1602 1975 1683 Ghingus
2018 1602 2293 1663 Albizini
2334 1603 2415 1663 de
2456 1602 2703 1663 Casulis
2741 1604 2892 1681 imp.
2940 1610 3106 1663 auct.
3148 1608 3281 1662 not..

1395 1700 1655 1761 Florem
1697 1699 1848 1761 AS&
1897 1699 2084 1775 (Volt.
2128 1720 2193 1763 π.
2238 1700 2383 1779 854)
2426 1700 2596 1777 Oriq.

1077 1896 1216 1959 767.
2570 1894 2891 1968 Homini,
2934 1896 3015 1957 19
3058 1896 3299 1974 Auquet
3342 1896 3535 1958 1266

1197 1992 1590 2054 Albertus
1633 1994 1806 2055 Vult.
1853 2012 1951 2073 ep.
1994 1999 2063 2055 et
2106 1992 2539 2053 Bernardinus
2579 1992 2687 2072 qd.
2732 1992 3059 2073 Mangerii‚
3102 1992 3393 2055 Guascus
3420 1996 3540 2074 qd.

1074 2091 1392 2153 Guilielmi
1435 2092 1516 2151 de
1558 2092 1790 2152 Roccis
1831 2092 2105 2151 filiorum
2149 2090 2437 2152 Tederici
2474 2110 2591 2170 pro
2630 2110 2717 2163 se,
2776 2090 3099 2153 Bindoczo
3156 2090 3256 2171 qd.
3314 2092 3540 2171 Rugo-

1077 2191 1256 2261 rocti,
1301 2188 1627 2251 Bindoczo
1667 2188 1774 2267 qd.
1817 2190 2081 2269 Ugolini
2120 2188 2201 2248 de
2244 2191 2397 2267 ipsis
2440 2188 2687 2259 Remis,
2744 2190 3173 2251 instrumento
3226 2190 3543 2250 Mannelli

1076 2300 1236 2357 not„
1281 2286 1724 2359 MOCLXVII,
1769 2288 1902 2347 ind.
1947 2286 2169 2358 VIIII,
2216 2286 2387 2346 XIII
2430 2285 2554 2347 kal.
2598 2292 2761 2363 sept.
2792 2288 2836 2361 ¹)
2894 2286 3237 2348 secundum
3280 2306 3539 2347 morem

1079 2384 1228 2457 Pin„
1273 2387 1850 2463 compromiserunt
1891 2385 1958 2445 in
2000 2385 2375 2445 Rainerium
2418 2386 2719 2445 comitem
2768 2384 2873 2463 qd.
2918 2386 3171 2445 comitis
3224 2384 3543 2445 Manus-lli

1075 2484 1156 2543 de
1197 2482 1356 2543 Ilcio
1397 2490 1464 2541 et
1510 2482 1810 2543 Pillinum
1853 2482 1960 2560 qd.
2006 2480 2327 2543 Guilielmi
2370 2482 2663 2542 Cornecti
2694 2483 2773 2542 de
2806 2482 3243 2543 Radicondola
3270 2482 3351 2543 ad
3382 2484 3543 2543 lites

1075 2582 1158 2641 de
1199 2588 1412 2642 castro
1453 2580 1921 2641 Montecastelli
1966 2580 2299 2651 finiendam
2342 2600 2489 2657 pen.
2534 2580 2583 2643 C
2618 2600 2813 2641 marc.
2844 2600 2978 2661 arg.
3061 2582 3199 2641 Act.
3230 2581 3543 2643 Monterii

1077 2682 1143 2740 in
1183 2677 1389 2757 burgo
1429 2680 1496 2739 in
1537 2680 1732 2739 domo
1773 2678 2078 2739 Rainaldi
2120 2680 2413 2739 Bouiani.
2522 2678 2833 2739 Bertuldo
2886 2698 3027 2739 can.
3070 2680 3243 2741 Vult.
3300 2678 3538 2741 Benoi-

1076 2796 1283 2837 venne
1325 2772 1601 2853 plebano
1641 2775 1722 2835 de
1768 2775 2171 2855 villamagna
2212 2776 2380 2836 Flor.
2424 2776 2587 2837 dioc.
2632 2776 2920 2856 Ardingo
2960 2776 3166 2837 iudice
3206 2776 3307 2855 qd.
3358 2776 3541 2839 Gulli

1075 2874 1155 2933 de
1198 2873 1374 2934 Vult.
1419 2872 1663 2933 Catello
1704 2872 1812 2952 qd.
1857 2873 2122 2935 corradi
2164 2876 2399 2935 comite
2439 2874 2519 2934 de
2560 2871 2985 2953 Gangalandi.
3038 2876 3264 2935 Maffeo
3320 2875 3542 2935 iudice

1075 2978 1143 3030 et
1183 2977 1321 3032 not.
1378 2971 1424 3030 f.
1470 2970 1907 3031 Ildebrandini
1966 2972 2201 3031 Maffei.
2260 2972 2620 3049 Ugoccione
2678 2972 2783 3052 qd.
2833 2971 3387 3034 Ildebrandinuezi
3456 2978 3539 3031 tt.

1077 3067 1480 3135 MCCLXVL
1524 3067 1656 3127 ind.
1689 3068 1912 3139 VIIII,
1948 3068 2213 3128 XVIIII
2246 3089 2345 3147 ag.
2430 3071 2674 3147 Symon
2703 3070 2805 3149 qd.
2838 3068 3211 3131 Bontalenti
3237 3068 3315 3127 de
3346 3070 3537 3129 Vult.

1077 3172 1210 3225 not.
1255 3174 1480 3245 rogata
1525 3184 1636 3243 per
1677 3184 1776 3225 ser
1819 3164 2345 3225 Ildebrandinum
2390 3166 2729 3227 defuntum
2762 3167 2869 3245 qd.
2904 3166 3209 3229 Gherardi
3236 3165 3315 3225 de
3344 3165 3538 3225 Vult.

1079 3264 1518 3323 commissione
1564 3262 1808 3323 consilii
1850 3264 2163 3341 generalis
2204 3264 2379 3323 Vult.

1399 3360 1664 3421 Florenz
1707 3361 1858 3421 Ast.
1907 3360 2100 3435 (Volt.
2150 3382 2206 3420 η.
2240 3362 2383 3437 851)
2412 3362 2533 3437 fast
2568 3362 3007 3441 qleichzeitiqes
3050 3364 3485 3442 Transeumpt.

1082 3556 1215 3616 768.
2576 3558 2893 3631 Montieri,
2937 3560 3021 3620 20
3066 3560 3305 3636 Anquist
3346 3563 3537 3623 1266.

1201 3652 1536 3711 Rainerius
1580 3671 1791 3709 comes
1835 3650 1943 3728 qd.
1990 3656 2243 3713 comitis
2286 3655 2587 3716 Manuelli
2634 3656 2715 3715 de
2768 3653 2925 3715 Ilcio
2980 3662 3045 3715 et
3102 3656 3366 3721 Pillinus
3420 3662 3535 3739 qd.

1079 3748 1400 3809 Guilielmi
1443 3748 1734 3810 Corneoti
1767 3748 1844 3808 de
1877 3749 2322 3811 Radioondola
2364 3754 2817 3831 compositores
2862 3756 3176 3831 assumpti
3207 3776 3319 3834 per
3358 3778 3537 3819 com-

1077 3849 1458 3925 promissum
1503 3846 1586 3905 ab
1631 3847 1977 3907 Alberto
2022 3850 2191 3909 Vult.
2240 3870 2335 3927 ep.
2381 3856 2447 3909 et
2504 3850 2901 3912 Bernardino
2952 3852 3062 3929 qd.
3106 3856 3419 3933 Mangerii
3466 3864 3533 3916 et

1079 3944 1332 4005 Guaseo
1373 3945 1482 4023 qd.
1528 3944 1846 4003 Guilivlmi
1889 3944 2215 4006 nobilibus
2245 3948 2323 4005 de
2366 3948 2593 4007 Roccis
2624 3949 2897 4009 filiorum
2936 3949 3221 4011 Tederici
3250 3970 3535 4030 pronun-

1081 4045 1338 4113 tiamuS‚
1385 4044 1558 4119 quod
1603 4043 1768 4101 inter
1811 4052 2025 4119 partes
2055 4046 2139 4102 sit
2170 4062 2477 4121 perpetua
2520 4064 2667 4123 pax;
2712 4066 2813 4124 ep.
2842 4054 2911 4107 et
2941 4046 3182 4109 nobiles
3224 4048 3533 4122 habeant,

1083 4159 1206 4217 que
1247 4138 1557 4197 hactenus
1604 4138 1967 4197 habuerunt
1998 4140 2076 4197 df·
2108 4140 2609 4227 Monteoaspeno,
2642 4150 2966 4203 reservata.
2992 4142 3179 4205 nobis
3206 4152 3539 4224 potestate

1081 4236 1430 4298 diffiniendi
1477 4236 1618 4296 lites
1661 4254 1850 4311 super
1877 4235 2195 4313 dampniS,
2226 4238 2719 4312 extorsionibus,
2749 4240 3319 4303 derobbationibus
3348 4244 3541 4305 factis

1081 4332 1165 4392 ad
1206 4336 1502 4402 invicem,
1547 4331 1866 4392 affictibus
1926 4337 2195 4393 extortis
2244 4356 2356 4413 per
2398 4356 2517 4413 op..
2566 4339 2841 4415 sig-notia
2894 4342 3110 4411 cast-ri,
3166 4339 3247 4400 de
3296 4342 3541 4419 quibus

1079 4452 1210 4493 non
1251 4432 1522 4492 dicimus
1565 4432 1648 4489 ad
1693 4452 1967 4507 presens.
2054 4434 2196 4492 Act.
2243 4436 2412 4511 apud
2462 4436 2846 4496 Monterium
2889 4439 2957 4497 in
2997 4436 3189 4499 domo
3230 4438 3539 4500 Rainaldi

1082 4529 1376 4589 Bouiani.
1463 4530 1868 4605 Boninsegna
1914 4528 2021 4607 qd.
2074 4532 2469 4610 Boninsegne
2510 4532 2592 4593 de
2632 4532 2873 4594 Sancto
2930 4534 3325 4598 Geminium.
3372 4536 3539 4597 Gris-

1227 4734 1268 4797 ¹)
1311 4734 1449 4782 1266
1487 4734 1702 4794 Auymt
1749 4738 1837 4790 ·.’'t,·
1881 4738 2011 4785 wohl
2048 4740 2137 4785 ein·
2178 4740 2377 4786 lrrtmn
2420 4740 2493 4787 im
2540 4740 2914 4801 Tuqesdatum.
