3817 5642
1998 14 3765 383 ἦ

815 591 1262 647 REGESTUM
1302 592 1995 649 VOLATERRANUM
2529 597 2633 649 341

149 789 288 848 ⁴999
1918 789 2096 862 Rom,
2144 792 2180 850 7
2222 790 2409 852 Mc'irz
2452 791 2631 853 1303.

287 894 768 955 Bonifatius
808 892 1010 955 VIII
1051 915 1102 955 s.
1147 893 1313 956 Iusti
1359 894 1528 956 Vult.
1560 904 1628 957 et
1655 894 1737 957 de
1767 895 2135 957 Cultubono
2178 897 2527 959 abbatibus
2556 917 2632 959 ac

143 992 526 1071 guar-diano
567 990 700 1053 ord.
744 991 896 1052 Min.
940 990 1023 1053 de
1064 991 1254 1060 Colle.
1299 991 1506 1052 Fesul.
1551 997 1617 1053 et
1659 992 1834 1053 Vult.
1879 992 2042 1054 dioc.
2142 994 2303 1056 Cum
2349 995 2629 1074 (Rayne-

153 1090 320 1163 rius)
367 1108 467 1167 ep.
511 1088 686 1149 Vult.
730 1095 1120 1169 conquestus
1163 1090 1269 1163 sit,
1313 1088 1490 1169 quod
1533 1088 1794 1151 Alexius
1851 1090 2150 1163 Rolandi,
2204 1091 2633 1153 christoforus

149 1188 396 1268 Tophi‚
442 1188 658 1249 Scotia
699 1187 910 1249 Alexii
947 1188 1030 1250 de
1070 1189 1393 1251 'I'olomeis
1433 1189 1606 1249 cives
1649 1188 1957 1251 Senenses
2002 1196 2286 1252 castrum
2336 1192 2633 1253 Monterii

156 1286 527 1356 detineant,
569 1286 722 1347 licet
753 1285 934 1346 'ultra
993 1294 1230 1347 sortem
1293 1288 1715 1365 perceperint,
1759 1285 2050 1361 mandat,
2095 1288 2405 1367 quatinus
2457 1287 2634 1367 apud

151 1382 408 1443 collem
439 1383 794 1463 procedant
819 1394 888 1445 et
917 1383 1284 1445 detentores
1312 1383 1395 1445 ad
1417 1384 1897 1444 restitutionem
1927 1385 2267 1465 pignorum
2287 1392 2375 1459 et,
2400 1383 2635 1464 siquid

143 1487 265 1542 est
287 1481 462 1541 ultra
482 1488 738 1554 sortem,
769 1480 1161 1561 compellant
1191 1501 1302 1561 per
1324 1500 1560 1561 penam
1582 1482 1648 1543 in
1671 1482 2090 1543 Lateranensi
2116 1484 2383 1544 concilio
2406 1491 2633 1544 contra

153 1580 493 1640 usurarios
521 1582 566 1655 ¹)
607 1578 870 1651 editam,
916 1600 1044 1641 non
1087 1580 1388 1641 obstante
1431 1579 1831 1659 indulgentia
1875 1578 2231 1659 guardiano
2273 1601 2313 1640 a
2354 1580 2502 1643 sede
2540 1582 2633 1643 in·

149 1676 376 1747 dulta,
422 1676 598 1754 quod
639 1677 872 1737 fratres
913 1676 1062 1738 Min.
1107 1696 1174 1737 se
1215 1696 1346 1737 non
1387 1676 1832 1737 intromittant
1876 1676 1956 1736 de
1988 1677 2498 1758 quibuscumque
2524 1698 2633 1739 ne-

147 1776 379 1852 gotiis
465 1773 916 1852 «Conquestus
957 1782 1057 1835 est
1077 1793 1120 1834 t.
1209 1774 1360 1834 Dat.
1404 1774 1710 1834 Laterani
1739 1775 1928 1834 nonis
1954 1782 2165 1845 mart„
2197 1784 2375 1855 pont.
2409 1775 2633 1837 VIIII.

505 1872 660 1933 Vou.
707 1871 946 1933 AVeac.
977 1892 1024 1933 8.
1058 1871 1225 1933 XIV
1257 1872 1382 1933 dec.
1416 1873 1450 1932 1
1479 1892 1540 1932 n.
1573 1872 1654 1931 19
1681 1871 1850 1948 Orio.
1885 1872 2097 1949 (Bulla
2126 1874 2441 1951 verloren).
2515 1874 2631 1935 Ed.

499 1969 721 2031 Giachi
755 1972 770 2003 ¹
806 1971 926 2032 183
951 1994 1032 2026 =
1070 1971 1089 2002 ³
1134 1971 1270 2031 500.

162 2168 352 2227 1000.
2030 2168 2229 2243 (Rom,
2274 2190 2383 2230 um
2426 2170 2632 2241 1303).

291 2266 711 2325 Romanus
751 2264 1083 2343 quidam
1127 2264 1512 2343 pontifex
1537 2265 1586 2341 ³)
1615 2267 1991 2345 petitionem
2025 2265 2250 2347 Sigerii
2277 2266 2358 2327 de
2386 2266 2636 2331 Casulis

153 2364 511 2442 utriusque
565 2362 926 2439 iurisperiti,
973 2369 1048 2423 ut
1099 2369 1506 2423 contractum
1547 2361 1794 2424 factum
1851 2363 1933 2425 de
1991 2363 2173 2425 bonis
2223 2366 2290 2425 in
2346 2362 2500 2425 villa
2555 2366 2637 2425 de

157 2462 474 2521 Paurano
515 2460 684 2520 inter
727 2462 1124 2524 Ormannum
1169 2467 1445 2539 (patrem
1473 2459 1721 2541 Sigerii)
1752 2468 1820 2522 et
1848 2461 2295 2541 (Raynerium)
2326 2482 2423 2542 ep.
2457 2462 2633 2524 Vult.

147 2565 232 2619 et
274 2558 659 2619 canonicam
701 2558 782 2618 de
825 2556 1121 2619 Paurano
1155 2564 1371 2619 ratum
1402 2558 1658 2631 habeat,
1690 2560 1937 2620 annuit.
1972 2560 2486 2622 Instrumentum
2511 2580 2634 2640 ep.,

155 2660 354 2718 cuius
399 2674 656 2729 nomen,
700 2674 926 2728 annus,
971 2657 1106 2721 dies
1159 2663 1227 2718 et
1278 2656 1484 2718 multa
1539 2656 1670 2718 alia
1719 2657 2066 2719 devastata
2121 2664 2293 2729 sunt,
2346 2660 2639 2719 continet

157 2755 563 2815 locationem
605 2752 919 2815 bonorum
961 2756 1029 2815 in
1091 2754 1397 2827 Broccoli,
1461 2754 1804 2829 Boceliina,
1858 2754 2067 2816 Bosco
2122 2754 2511 2827 Bandinelii,
2552 2756 2640 2817 ad

155 2850 560 2924 Orticinum,
603 2850 690 2911 ad
734 2850 1100 2913 Pauranum
1143 2859 1348 2921 vetus,
1394 2853 1458 2911 in
1501 2851 1696 2931 plano
1737 2853 1818 2914 de
1861 2852 2092 2924 Senna„
2125 2854 2193 2914 in
2234 2858 2407 2913 terra
2448 2852 2635 2927 Sede,

153 2949 345 3011 alibi.

505 3046 660 3108 Volt.
686 3044 994 3107 AMunic.
1023 3046 1222 3117 (Prov.
1249 3046 1368 3107 div.
1399 3065 1550 3107 caes.
1582 3047 1646 3118 Ι)
1677 3046 1900 3123 Ori9.⁸)
1937 3046 2129 3123 (mehr
2154 3046 2250 3107 ale
2279 3048 2381 3108 ein
2408 3048 2640 3109 Drittel

503 3143 1016 3221 weqqescknittem
1060 3144 1240 3204 Balce
1285 3144 1597 3220 verlore‘n).

322 3388 368 3450 ι)
410 3386 650 3436 Gemeint
683 3388 784 3436 dae
819 3387 924 3437 111
966 3386 1378 3436 Laterankonzil
1413 3402 1516 3436 von
1553 3388 1709 3445 1179,
1739 3388 1869 3437 ia'ber
1891 3389 2085 3438 descen
2108 3389 2315 3437 Kamm
2340 3402 2511 3451 quaen
2534 3388 2641 3438 den

165 3474 410 3525 Wucher
443 3474 544 3535 aut
578 3475 752 3525 maim
792 3474 1196 3537 Bemerkunqen
1227 3476 1289 3523 in
1307 3490 1324 3523 :
1349 3476 1470 3525 Dae
1495 3474 1784 3526 kimmiohe
1821 3476 2137 3525 Zv‘mverbot
2175 3478 2291 3527 und
2314 3478 2402 3527 die
2426 3476 2642 3528 'curiale

159 3564 382 3615 Praxi-9
417 3564 496 3613 im
545 3564 707 3613 XIII
757 3563 1130 3615 Jahrhumlort
1180 3564 1517 3626 (Fauchn'se
1563 3566 1662 3625 [ὢν
1711 3564 1888 3615 Fini-,e
1940 3567 2042 3615 143
2090 3566 2158 3631 Ι.)
2207 3567 2492 3617 ver-roiam
2541 3565 2639 3619 σοί

159 3652 212 3718 ⁸)
268 3652 425 3702 Wou
458 3652 630 3702 sicher
666 3652 989 3702 Bonifatius
1025 3652 1188 3712 VIII,
1228 3654 1370 3702 siche
1408 3668 1460 3705 n.
1501 3656 1619 3704 998.
1791 3652 1837 3719 ³)
1862 3654 2088 3705 Klein&
2137 3654 2375 3705 Mandat
2426 3656 2643 3719 (littera

152 3758 304 3793 cum
341 3742 437 3790 filo
475 3740 785 3805 cannabis).
