3817 5642
1028 498 1104 549 46
1678 492 2055 546 REGI-:81¹1
2060 493 2116 544 xi
2160 489 2777 544 VoLATERRANt
2784 490 2842 541 M

1036 691 1168 751 125.
2396 684 2843 746 Gaura-'atauo
2888 682 2969 743 28
3006 682 3261 743 Oktober
3303 681 3485 741 1056.

1154 786 1508 861 MCLV11),
1575 789 1640 845 in
1689 787 2145 864 solempnitate
2206 804 2255 843 s.
2300 784 2579 845 Simonis
2634 791 2697 843 et
2758 782 2937 852 lude,
3002 782 3057 841 V
3118 780 3246 841 kal.
3310 799 3485 851 nov„

1033 886 1164 947 ind.
1211 886 1292 947 X.
1381 885 1656 945 Widus
1697 904 1908 944 comes
1934 888 1981 959 )
2026 882 2305 943 reddidit
2348 883 2609 943 ecclesie
2636 902 2685 941 s.
2722 882 2971 961 Agathe
3000 898 3195 959 prope
3222 879 3489 940 castello

1033 984 1112 1045 de
1153 984 1584 1067 Guardistallo
1625 990 1862 1043 terram
1905 984 1971 1043 in
2020 983 2291 1042 circuitu
2334 983 2500 1051 eius;
2558 980 2879 1042 Gerardus
2934 998 3129 1058 nepos
3175 980 3311 1037 eius
3366 976 3488 1037 hoo

1033 1081 1256 1143 videns
1298 1086 1566 1159 pa·tem‚
1611 1100 1808 1163 quam
1849 1077 2307 1149 contendebat,
2351 1080 2505 1139 item
2550 1077 2847 1149 reddidit;
2894 1076 3121 1137 Petrus
3160 1076 3207 1137 f.
3246 1075 3489 1137 Fralmi

1033 1179 1466 1248 medietatem,
1510 1196 1706 1256 quam
1747 1176 1826 1237 de
1863 1182 2151 1255 tempore
2182 1176 2511 1237 Benedicti
2544 1196 2643 1255 ep.
2678 1174 2909 1251 (Vult.)
2942 1194 3053 1253 per
3080 1174 3361 1235 libellum
3390 1180 3485 1231 te-

1035 1276 1252 1342 nebat,
1283 1276 1456 1335 dedit
1489 1275 1572 1335 ad
1599 1294 1882 1341 censum.
1912 1282 1974 1334 et
2020 1274 2123 1335 die
2156 1274 2277 1334 XV
2306 1293 2453 1353 aug.
2487 1276 2666 1333 venit
2710 1274 2936 1333 Petrus
2966 1274 3031 1331 in
3058 1272 3388 1333 civitatem
3418 1278 3487 1331 et

1033 1380 1186 1433 ante
1215 1373 1414 1433 altare
1443 1392 1492 1432 s,
1525 1374 1722 1433 Mal-ie
1748 1372 2129 1449 deprecatus
2158 1380 2251 1431 est
2278 1370 2615 1431 Widonem
2646 1391 2743 1449 ep.
2778 1370 3028 1445 (vam),
3052 1376 3129 1430 ut
3148 1370 3488 1448 epistolam

1033 1472 1657 1531 commemorationis
1697 1470 1933 1531 faceret
1978 1470 2100 1530 sub
2135 1471 2795 1531 excommunicatione
2824 1470 3211 1531 violatorum
3252 1470 3401 1531 eccl.
3432 1490 3487 1531 s.

1039 1569 1308 1647 Agathe,
1355 1568 1526 1646 quod
1568 1576 1630 1629 et
1675 1588 1983 1629 consensu
2016 1569 2269 1627 comitis
2296 1574 2365 1627 et
2394 1571 2527 1629 eius
2556 1569 2807 1646 nepotis
2836 1587 2951 1646 per
2978 1568 3241 1629 Petrum
3276 1568 3485 1647 presb.

1035 1666 1282 1727 fectum
1325 1671 1441 1726 est.
1483 1666 1674 1728 Wido
1714 1685 1925 1727 comes
1972 1685 2083 1745 pro
2126 1664 2515 1726 refutatione
2556 1666 2937 1744 deprecat-us
2978 1672 3071 1725 est
3104 1666 3380 1737 clericos,
3410 1674 3485 1727 ut

1035 1764 1103 1823 in
1143 1782 1360 1823 eorum
1405 1764 1578 1825 libris
1619 1782 1852 1825 nomen
1893 1783 2103 1832 suum,
2149 1764 2383 1833 uxoris,
2442 1762 2715 1823 filiorum
2774 1762 3141 1823 describant
3192 1771 3257 1823 et
3310 1766 3489 1825 omni

1039 1868 1326 1937 tempore
1365 1861 1450 1919 sit
1491 1863 1700 1921 oratio
1741 1880 1856 1939 pro
1897 1862 2007 1931 eis;
2052 1861 2226 1939 quod
2268 1860 2515 1921 factum
2560 1868 2677 1919 est.

1363 1958 1518 2019 Volt.
1553 1959 1770 2036 ACap.
1803 1980 1862 2019 n.
1894 1958 2217 2035 1415οή9.

1043 2092 1176 2151 126.
2543 2094 2823 2157 Florenz
2868 2094 2904 2153 1
2946 2094 3267 2155 December
3308 2093 3492 2153 1059.

1160 2189 1236 2250 In
1260 2192 1578 2267 presentia
1603 2190 1890 2251 Nicholai
1920 2192 1983 2251 11
2010 2190 2615 2269 papae,11dibrandi
2639 2192 2851 2251 abetis
2872 2210 2921 2251 s.
2944 2190 3127 2252 Pauli
3145 2189 3250 2265 (de
3265 2189 3491 2265 Urbe),

1043 2286 1386 2347 Humberti
1440 2288 1634 2351 card.
1681 2288 1971 2358 aliorum,
2018 2288 2524 2367 Uuiglielmo
2578 2308 2789 2349 comes
2844 2291 2957 2367 qui
3012 2287 3493 2368 Bulgarello

1042 2404 1178 2445 voc.
1225 2384 1270 2444 f.
1316 2385 1376 2444 b.
1423 2404 1506 2444 m.
1552 2386 1838 2445 Lotharii
1881 2404 2093 2445 comes
2136 2386 2450 2464 perdonet,
2492 2386 2777 2448 Uuidoni
2818 2406 2918 2466 ep.
2962 2386 3174 2447 Voiot.
3218 2386 3298 2445 de
3334 2386 3490 2445 omi-

1039 2482 1208 2543 cidio
1248 2484 1530 2560 aliasque
1573 2502 1801 2544 causas
1839 2484 2208 2563 refutatque
2250 2484 2563 2563 quasdam
2614 2487 3051 2562 possewiones.

1371 2580 1528 2640 Vozt.
1575 2578 1813 2640 AVeeo.
1851 2600 1898 2640 s.
1946 2580 2053 2640 XI
2094 2580 2215 2641 deo.
2271 2582 2306 2641 7
2346 2602 2413 2641 n.
2466 2582 2501 2641 1
2545 2581 2718 2658 Oriy.
2764 2582 2945 2643 Liber
2986 2584 3225 2644 i-urium
3266 2583 3347 2642 16
3386 2583 3493 2642 cit.

1362 2676 1520 2737 Edd.
1546 2678 1622 2737 M
1626 2679 1861 2738 aratori
1884 2678 2309 2755 Amiquitatee
2338 2678 2431 2739 VI
2459 2678 2596 2739 228.
2620 2680 2975 2740 Fiorentini
2999 2667 3190 2741 Mein.
3219 2681 3389 2757 App.
3413 2678 3494 2739 82

1363 2774 1523 2834 Dim·
1554 2774 1737 2834 Migo.
1781 2774 2067 2834 Valdelm
2098 2774 2197 2833 XI
2232 2775 2371 2835 101.
2462 2776 2603 2852 Req.
2635 2776 2901 2837 Hizbner
2929 2798 2987 2836 n.
3018 2776 3181 2837 1408
3204 2796 3283 2837 zu
3309 2777 3488 2837 1060.

1373 2870 1576 2945 Verql.
1635 2870 2213 2948 Pfiuqk-Harttunq
2272 2872 2393 2931 lter
2457 2873 2595 2933 190.
2652 2874 2774 2933 JL.
2840 2876 2868 2933 I
2936 2874 3071 2935 561.
3132 2875 3491 2937 Davideohu

1363 2966 1702 3027 Geschichte
1749 2968 1784 3027 I
1813 2969 1953 3029 219.

1049 3102 1180 3163 127.
2646 3104 2943 3175 volterra:
2982 3106 3064 3167 22
3101 3106 3270 3167 Jum’
3311 3106 3488 3167 1061.

1165 3198 1408 3267 MLXI,
1453 3198 1516 3259 X
1559 3200 1684 3260 kal.
1731 3202 1858 3269 iul..
1906 3201 2035 3261 ind.
2098 3201 2325 3262 XIIII.
2452 3204 2821 3263 Comutatio
2876 3206 3042 3264 inter
3102 3203 3329 3265 Wido
3392 3223 3491 3283 ep.

1047 3295 1257 3355 Volot..
1288 3316 1417 3356 una
1446 3298 1698 3357 insimul
1729 3300 2067 3358 canonacis
2097 3318 2341 3360 necnon
2387 3300 2693 3361 Andrea
2734 3300 2883 3360 abb.
2930 3320 3099 3361 mon.
3139 3320 3188 3360 s.
3222 3301 3386 3361 Iusti
3426 3310 3493 3362 et

1045 3392 1387 3454 Clementis
1429 3414 1626 3472 prope
1671 3415 1881 3455 muros
1926 3396 2137 3455 Volot.
2198 3396 2386 3457 Wido
2440 3396 2621 3457 dedit
2676 3418 2823 3457 cum
2878 3399 3215 3459 canonacis
3270 3398 3495 3458 abbati

1050 3498 1332 3551 montem
1377 3498 1440 3551 et
1483 3494 1744 3571 pogium
1787 3494 1896 3571 qui
1938 3494 2063 3554 dic.
2109 3493 2327 3554 Monte
2372 3495 2586 3567 Nibio;
2616 3498 2854 3575 recepit
2882 3496 3043 3555 duas
3072 3500 3279 3575 petias
3308 3504 3495 3568 terre,

1049 3608 1243 3667 prope
1286 3592 1684 3661 moneat-erio,
1731 3598 1797 3651 et
1834 3594 2007 3652 int-us
2035 3596 2303 3654 civitate
2332 3594 2438 3654 ubi
2470 3594 2593 3653 dic.
2626 3596 2823 3655 Prato
2852 3594 3106 3655 Martio,
3137 3594 3366 3657 Missus
3394 3616 3494 3673 ep.

1049 3686 1276 3745 Petrus
1317 3686 1363 3745 f.
1409 3686 1471 3746 b.
1517 3708 1602 3747 m.
1647 3688 1945 3763 Barunci,
1991 3694 2391 3752 estimatores
2436 3692 2735 3753 Brunello
2774 3694 2820 3753 f.
2872 3692 3125 3753 Cunitie
3178 3699 3245 3754 et
3298 3693 3495 3753 Cena·

1049 3784 1235 3843 mello
1277 3784 1322 3843 f.
1369 3784 1604 3857 Imilie;
1649 3807 1792 3865 pen.
1837 3788 2036 3866 dupli.
2124 3789 2264 3848 Act.
2312 3789 2482 3850 volt.
2568 3790 2755 3851 Wido
2790 3811 2889 3869 ep.
2922 3810 3001 3849 se.
3034 3791 3293 3853 Andrea
3316 3791 3497 3851 abas,

1051 3881 1277 3941 Petrus
1306 3882 1512 3959 presb.
1545 3884 1809 3945 Alberto
1837 3886 2218 3947 archiodiac.
2250 3888 2461 3947 Teuzo
2491 3890 2868 3967 prepositus.
2911 3890 3277 3969 ngrardus
3306 3889 3497 3951 iudex

1051 3997 1130 4037 ss.
1176 3978 1236 4037 S.
1285 3999 1366 4039 m.
1413 3980 1671 4040 Cui-radi
1715 3981 1762 4042 f.
1809 3982 1868 4041 b.
1914 4003 1996 4042 m.
2030 3983 2285 4044 Cunitii.
2318 3986 2549 4045 Petrus
2575 3986 2621 4045 f.
2654 3986 2715 4045 b.
2749 4006 2831 4045 m.
2864 3987 3161 4047 Barunci.
3194 3988 3422 4047 Petrus
3450 3989 3496 4048 f.

1052 4075 1114 4134 b.
1149 4096 1229 4135 m.
1259 4076 1492 4137 Teutii.
1525 4078 1825 4140 Garofalo
1851 4080 1895 4139 f.
1924 4080 1983 4140 b.
2013 4102 2095 4141 m.
2122 4081 2325 4143 Imilie
2356 4089 2435 4142 tt.
2523 4084 2751 4143 Petrus
2782 4090 2913 4143 not.
2946 4086 3076 4162 inp.

1379 4176 1536 4236 Volt.
1571 4176 1786 4254 4Gap.
1819 4199 1882 4237 n.
1920 4179 1995 4238 70
2038 4180 2207 4256 Oriq.
2298 4181 2413 4241 Ed.
2444 4180 2645 4241 Rem·
2650 4181 2893 4241 Camiei
2924 4182 3003 4241 II
3031 4182 3167 4243 102.

1061 4308 1190 4369 128.
2015 4313 2294 4374 Chianm’
2338 4316 2402 4373 Ii
2448 4315 2791 4387 Gamba-ssi,
2836 4316 2915 4376 17
2958 4316 3277 4376 Dezember
3318 4316 3497 4377 1061.

1177 4405 1416 4477 MLXI,
1463 4407 1620 4467 XVI
1663 4408 1788 4468 kal.
1834 4412 2139 4488 genuarii,
2186 4412 2315 4471 ind.
2352 4412 2491 4471 XV.
2579 4412 2839 4473 Guido
2883 4414 3093 4473 Volat.
3136 4434 3235 4491 ep.
3282 4433 3499 4473 mona-

1057 4504 1319 4563 sterium
1349 4524 1396 4561 s.
1430 4505 1625 4565 Mai-ie
1657 4514 1718 4565 et
1763 4527 1809 4565 s,
1857 4508 2139 4585 Sepulcri
2184 4529 2380 4588 prope
2424 4510 2691 4571 fluvium
2724 4510 2963 4582 Elsam‚
2994 4510 3166 4589 quod
3195 4511 3503 4571 Adelmus

1207 4700 1244 4763 ¹)
1269 4701 1548 4751 Iudith-tion
1587 4711 1734 4765 paest
1773 4720 1838 4753 zu
1883 4709 2030 4755 10:56.
2181 4711 2222 4773 ²)
2264 4710 2409 4758 wido
2434 4709 2519 4766 II,
2548 4708 2769 4758 Gemahl
2794 4711 2884 4759 der
2922 4708 3232 4771 Adolaqita,
3256 4723 3359 4758 am
3384 4710 3505 4759 dem

1057 4788 1242 4838 Hauee
1279 4788 1642 4847 Olim-ardema,
